75600000         212610514000148                    03010000000010856030FERNANDA PORTUGAL DE OLIVEIRA SICOOB                                  20207201914052000123308500000                                                                     
75600011T01  043 2012610514000148          301000000603010000000010856030FERNANDA PORTUGAL DE OLIVEIRA                                                                                 000000000207201900000000                                 
7560001300001T 0903010000000010856030001802719401016     100180271940101610122018000000000013815756030100                         091000005916683510DAIANY MATOS ANDRADE                    00000000000000000000001800000000013                 
7560001300002U 090000000000000000000000000000000000000000000000000000000000000000000000000000000000000000000000000000000000000000000000001006201910062019    00000000000000000000000                      1006753775600000000000000000000       
7560001300003T 0903010000000010856030001803079204016     100180307920401610122018000000000033815756030100                         091000013967602702RAYANE ROCHA CORREA                     00000000000000000000001800000000013                 
7560001300004U 090000000000000000000000000000000000000000000000000000000000000000000000000000000000000000000000000000000000000000000000001006201910062019    00000000000000000000000                      1008218175600000000000000000000       
7560001300005T 0903010000000010856030001803106724016     100180310672401610122018000000000005460756030100                         091000013043254740LYZIA ZANON BARRETO                     00000000000000000000001800000000013                 
7560001300006U 090000000000000000000000000000000000000000000000000000000000000000000000000000000000000000000000000000000000000000000000001006201910062019    00000000000000000000000                      1008467075600000000000000000000       
7560001300007T 0903010000000010856030001803108116016     100180310811601610122018000000000017835756030100                         091000014173389701SERGIO ROBERTO POYATO JUNIOR            00000000000000000000001800000000013                 
7560001300008U 090000000000000000000000000000000000000000000000000000000000000000000000000000000000000000000000000000000000000000000000001006201910062019    00000000000000000000000                      1008467175600000000000000000000       
7560001300009T 0903010000000010856030001803125701016     100180312570101610122018000000000186815756030100                         091000012591962758MAYANE FIOROT SIMONI                    00000000000000000000001800000000013                 
7560001300010U 090000000000000000000000000000000000000000000000000000000000000000000000000000000000000000000000000000000000000000000000001006201910062019    00000000000000000000000                      1008467275600000000000000000000       
7560001300011T 0903010000000010856030001803134303016     100180313430301610122018000000000013485756030100                         091000005934831704AGATA CHRYSTIE RODRIGUES SILVA          00000000000000000000001800000000013                 
7560001300012U 090000000000000000000000000000000000000000000000000000000000000000000000000000000000000000000000000000000000000000000000001006201910062019    00000000000000000000000                      1008467375600000000000000000000       
7560001300013T 0903010000000010856030001803135003016     100180313500301610122018000000000005194756030100                         091000016270863740JACKELINE DE SOUZA SANTOS               00000000000000000000001800000000013                 
7560001300014U 090000000000000000000000000000000000000000000000000000000000000000000000000000000000000000000000000000000000000000000000001006201910062019    00000000000000000000000                      1008467475600000000000000000000       
7560001300015T 0903010000000010856030001803138202016     100180313820201610122018000000000006565756030100                         091000007361143784DAGMAR DE PAULA                         00000000000000000000001800000000013                 
7560001300016U 090000000000000000000000000000000000000000000000000000000000000000000000000000000000000000000000000000000000000000000000001006201910062019    00000000000000000000000                      1008467575600000000000000000000       
7560001300017T 0903010000000010856030001803139001016     100180313900101610122018000000000006985756030100                         091000014045405712PATRICIA PONTES DERIZ                   00000000000000000000001800000000013                 
7560001300018U 090000000000000000000000000000000000000000000000000000000000000000000000000000000000000000000000000000000000000000000000001006201910062019    00000000000000000000000                      1008467675600000000000000000000       
7560001300019T 0603010000000010856030001803313220016     100180331322001630062019000000000011505021000820                         091000014451947758ISABELLA GREGORIO VIEIRA                00000000000000000000002700000000004                 
7560001300020U 060000000000000000000000000000000000000000000000000000000000000000000000115050000000000115050000000000000000000000000000000706201907062019    00000000000000000000000                      1004914675600000000000000000000       
7560001300021T 0603010000000010856030001900708917016     100190070891701610052019000000000018276104023100                         091000011999285778LUANA DA SILVA RODRIGUES                00000000000000000000002700000000004                 
7560001300022U 060000000000020820000000000000000000000000000000000000000000000000000000203580000000000203580000000000000000000000000000000606201906062019    00000000000000000000000                      1003600775600000000000000000000       
7560001300023T 0603010000000010856030001900772012016     100190077201201630052019000000000010315001009240                         091000017225613782EDLENE AZEREDO DA SILVA                 00000000000000000000002700000000004                 
7560001300024U 060000000000007620000000000000000000000000000000000000000000000000000000110770000000000110770000000000000000000000000000000606201906062019    00000000000000000000000                      1003345275600000000000000000000       
7560001300025T 0603010000000010856030001900790320016     100190079032001610062019000000000012065033009300                         091000014306488721ALINE ROCHA DE ALMEIDA                  00000000000000000000002700000000004                 
7560001300026U 060000000000000000000000000000000000000000000000000000000000000000000000120650000000000120650000000000000000000000000000000606201906062019    00000000000000000000000                      1003603175600000000000000000000       
7560001300027T 0603010000000010856030001900792822016     100190079282201610082019000000000012065033009300                         091000014306488721ALINE ROCHA DE ALMEIDA                  00000000000000000000002700000000004                 
7560001300028U 060000000000000000000000000000000000000000000000000000000000000000000000120650000000000120650000000000000000000000000000000606201906062019    00000000000000000000000                      1003603275600000000000000000000       
7560001300029T 0603010000000010856030001900799901016     100190079990101610062019000000000005315021002710                         091000016021077776ALVO MORANDI NETO                       00000000000000000000002700000000004                 
7560001300030U 060000000000000000000000000000000000000000000000000000000000000000000000053150000000000053150000000000000000000000000000000706201907062019    00000000000000000000000                      1006004675600000000000000000000       
7560001300031T 0603010000000010856030001900804121016     100190080412101610062019000000000011505001034800                         091000016259801750MARIANA COELHO BROMONSCHENKEL           00000000000000000000002700000000004                 
7560001300032U 060000000000000000000000000000000000000000000000000000000000000000000000115050000000000115050000000000000000000000000000000706201907062019    00000000000000000000000                      1005064775600000000000000000000       
7560001300033T 0603010000000010856030001900809819016     100190080981901610062019000000000017676021000660                         091000004112241585NATIELE OLIVEIRA CONCEIÇÃO ALBANO       00000000000000000000002700000000004                 
7560001300034U 060000000000000000000000000000000000000000000000000000000000000000000000176760000000000176760000000000000000000000000000001006201910062019    00000000000000000000000                      1008786175600000000000000000000       
7560001300035T 0603010000000010856030001900812018016     100190081201801610062019000000000017378104005900                         091000015778171765NATALIA O. VICENTE                      00000000000000000000002700000000004                 
7560001300036U 060000000000000000000000000000000000000000000000000000000000000000000000173780000000000173780000000000000000000000000000000706201907062019    00000000000000000000000                      1006083475600000000000000000000       
7560001300037T 0603010000000010856030001900815213016     100190081521301610062019000000000015315021002080                         091000016646450714RODRIGO YASCHI LAURETT SCHOPF CASSEMIRO 00000000000000000000002700000000004                 
7560001300038U 060000000000000000000000000000000000000000000000000000000000000000000000153150000000000153150000000000000000000000000000001006201910062019    00000000000000000000000                      1008786275600000000000000000000       
7560001300039T 0603010000000010856030001900819130016     100190081913001615062019000000000012999237004140                         091000012845255705TAINA VIANA CAMPOREZ                    00000000000000000000002700000000004                 
7560001300040U 060000000000000000000000000000000000000000000000000000000000000000000000129990000000000129990000000000000000000000000000001006201910062019    00000000000000000000000                      1008786375600000000000000000000       
7560001300041T 0603010000000010856030001900820031016     100190082003101615062019000000000011565021000440                         091000014673091760RAQUEL TEIXEIRA COSTA                   00000000000000000000002700000000004                 
7560001300042U 060000000000000000000000000000000000000000000000000000000000000000000000115650000000000115650000000000000000000000000000001006201910062019    00000000000000000000000                      1011697575600000000000000000000       
7560001300043T 0603010000000010856030001900825624016     100190082562401615062019000000000019526021000820                         091000015789197701MATHEUS PETERSON ROSA CAMPOS            00000000000000000000002700000000004                 
7560001300044U 060000000000000000000000000000000000000000000000000000000000000000000000195260000000000195260000000000000000000000000000001006201910062019    00000000000000000000000                      1011697675600000000000000000000       
7560001300045T 0603010000000010856030001900834202016     100190083420201620062019000000000021515104012550                         091000014707981747ANA CAROLINE PEREIRA DOS SANTOS         00000000000000000000002700000000004                 
7560001300046U 060000000000000000000000000000000000000000000000000000000000000000000000215150000000000215150000000000000000000000000000000706201907062019    00000000000000000000000                      1006010575600000000000000000000       
7560001300047T 0603010000000010856030001900843910016     100190084391001620062019000000000022398033015420                         091000014765176738AMANDA DIAS BELCAVELLO                  00000000000000000000002700000000004                 
7560001300048U 060000000000000000000000000000000000000000000000000000000000000000000000223980000000000223980000000000000000000000000000000606201906062019    00000000000000000000000                      1004523175600000000000000000000       
7560001300049T 0603010000000010856030001900862930016     100190086293001630062019000000000018315756030070                         091000013298588750GUTIERRES VEZZONI TURETTA               00000000000000000000002700000000004                 
7560001300050U 060000000000000000000000000000000000000000000000000000000000000000000000183150000000000183150000000000000000000000000000000706201907062019    00000000000000000000000                      1005670675600000000000000000000       
7560001300051T 0603010000000010856030001900878609016     100190087860901630062019000000000023217341066590                         091000013128989761LUCAS BATISTA DE OLIVEIRA BERMUDES      00000000000000000000002700000000004                 
7560001300052U 060000000000000000000000000000000000000000000000000000000000000000000000232170000000000232170000000000000000000000000000001006201910062019    00000000000000000000000                      1010512175600000000000000000000       
7560001300053T 0603010000000010856030001900886512016     100190088651201630062019000000000019635104016430                         091000012086599790ARTHUR CAIRES DE SOUZA PEREIRA          00000000000000000000002700000000004                 
7560001300054U 060000000000000000000000000000000000000000000000000000000000000000000000196350000000000196350000000000000000000000000000000706201907062019    00000000000000000000000                      1005020575600000000000000000000       
7560001300055T 0603010000000010856030001900889713016     100190088971301630062019000000000010315077000010                         091000014063126730JULIA GORINI                            00000000000000000000002700000000004                 
7560001300056U 060000000000000000000000000000000000000000000000000000000000000000000000103150000000000103150000000000000000000000000000001006201910062019    00000000000000000000000                      1010567975600000000000000000000       
7560001300057T 0603010000000010856030001900898301016     100190089830101620062019000000000013710104001680                         091000016466639770MARCELA FERREIRA GONZAGA                00000000000000000000002700000000004                 
7560001300058U 060000000000000000000000000000000000000000000000000000000000000000000000137100000000000137100000000000000000000000000000001006201910062019    00000000000000000000000                      1011208575600000000000000000000       
7560001300059T 0603010000000010856030001900900401016     100190090040101615062019000000000013710021000660                         091000015307481780VALKILAINE DA SILVA SOUSA               00000000000000000000002700000000004                 
7560001300060U 060000000000000000000000000000000000000000000000000000000000000000000000137100000000000137100000000000000000000000000000000606201906062019    00000000000000000000000                      1004667675600000000000000000000       
7560001300061T 0903010000000010856030001900917901016     100190091790101610062019000000000013710756030100                         091000015347778733DANIEL MARCOS ALVES                     00000000000000000000002400000000009                 
7560001300062U 090000000000000000000000000000000000000000000000000000000000000000000000000000000000000000000000000000000000000000000000001006201910062019    00000000000000000000000                      1011384675600000000000000000000       
7560001300063T 0903010000000010856030001900918601016     100190091860101610062019000000000017374756030100                         091000016808173702THAIS DA SILVA RODY                     00000000000000000000002400000000009                 
7560001300064U 090000000000000000000000000000000000000000000000000000000000000000000000000000000000000000000000000000000000000000000000001006201910062019    00000000000000000000000                      1011384775600000000000000000000       
75600015         00006600003200000000000639373000000000000000000000000000000000000000000000000000000000000000000000                                                                                                                             
75699999         000001000068000000                                                                                                                                                                                                             
