75600000         212610514000148                    03010000000010856030FERNANDA PORTUGAL DE OLIVEIRA SICOOB                                  21005201910564500119208500000                                                                     
75600011T01  043 2012610514000148          301000000603010000000010856030FERNANDA PORTUGAL DE OLIVEIRA                                                                                 000000001005201900000000                                 
7560001300001T 0903010000000010856030001802852027016     100180285202701605112018000000000011615756030100                         091000015917793751GUSTAVO BATISTA DE OLIVEIRA             00000000000000000000001800000000013                 
7560001300002U 090000000000000000000000000000000000000000000000000000000000000000000000000000000000000000000000000000000000000000000000000605201906052019    00000000000000000000000                       963895575600000000000000000000       
7560001300003T 0903010000000010856030001802854425016     100180285442501605112018000000000027431756030100                         091000014424323730CARINE ARAUJO DOS SANTOS                00000000000000000000001800000000013                 
7560001300004U 090000000000000000000000000000000000000000000000000000000000000000000000000000000000000000000000000000000000000000000000000605201906052019    00000000000000000000000                       963706675600000000000000000000       
7560001300005T 0903010000000010856030001802855107016     100180285510701605112018000000000025315756030100                         091000014909220755FERNANDA LIMA                           00000000000000000000001800000000013                 
7560001300006U 090000000000000000000000000000000000000000000000000000000000000000000000000000000000000000000000000000000000000000000000000605201906052019    00000000000000000000000                       964865875600000000000000000000       
7560001300007T 0603010000000010856030001803312519016     100180331251901630052019000000000011505033034420                         091000014451947758ISABELLA GREGORIO VIEIRA                00000000000000000000002700000000004                 
7560001300008U 060000000000000000000000000000000000000000000000000000000000000000000000115050000000000115050000000000000000000000000000000705201907052019    00000000000000000000000                       968652375600000000000000000000       
7560001300009T 0603010000000010856030001900008623016     100190000862301630052019000000000014262104031320                         091000015414995737JOAO MARCIO SIMOURA DE SOUSA            00000000000000000000002700000000004                 
7560001300010U 060000000000000000000000000000000000000000000000000000000000000000000000142620000000000142620000000000000000000000000000000605201906052019    00000000000000000000000                       964688975600000000000000000000       
7560001300011T 0603010000000010856030001900577319016     100190057731901610042019000000000011778021001830                         091000008445491776RAQUEL MORONARI DA SILVA                00000000000000000000002700000000004                 
7560001300012U 060000000000013420000000000000000000000000000000000000000000000000000000131200000000000131200000000000000000000000000000000705201907052019    00000000000000000000000                       968252275600000000000000000000       
7560001300013T 0603010000000010856030001900586016016     100190058601601610042019000000000018276104023100                         091000011999285778LUANA DA SILVA RODRIGUES                00000000000000000000002700000000004                 
7560001300014U 060000000000020820000000000000000000000000000000000000000000000000000000203580000000000203580000000000000000000000000000000705201907052019    00000000000000000000000                       968252375600000000000000000000       
7560001300015T 0603010000000010856030001900606202016     100190060620201615042019000000000057150001030840                         091000014707310702KATHELEN BASTOS DRUMOND                 00000000000000000000002700000000004                 
7560001300016U 060000000000061720000000000000000000000000000000000000000000000000000000633220000000000633220000000000000000000000000000000905201909052019    00000000000000000000000                       972200475600000000000000000000       
7560001300017T 0603010000000010856030001900623823016     100190062382301630042019000000000017120021000920                         091000015404545763CARLOS HENRIQUE WOLKERS FIRME           00000000000000000000002700000000004                 
7560001300018U 060000000000012320000000000000000000000000000000000000000000000000000000183520000000000183520000000000000000000000000000000605201906052019    00000000000000000000000                       964718575600000000000000000000       
7560001300019T 0603010000000010856030001900625231016     100190062523101630042019000000000020880104001670                         091000011114402710JESSICA ALVES DUTRA                     00000000000000000000002700000000004                 
7560001300020U 060000000000015440000000000000000000000000000000000000000000000000000000224240000000000224240000000000000000000000000000000705201907052019    00000000000000000000000                       968252475600000000000000000000       
7560001300021T 0603010000000010856030001900644222016     100190064422201630042019000000000014262021005260                         091000016094187784GABRIEL LIRIO DE SOUZA                  00000000000000000000002700000000004                 
7560001300022U 060000000000011110000000000000000000000000000000000000000000000000000000153730000000000153730000000000000000000000000000000905201909052019    00000000000000000000000                       972200575600000000000000000000       
7560001300023T 0603010000000010856030001900706417016     100190070641701610052019000000000017815104020410                         091000014279799792JULIA BATISTI COUTINHO                  00000000000000000000002700000000004                 
7560001300024U 060000000000000000000000000000000000000000000000000000000000000000000000178150000000000178150000000000000000000000000000000605201906052019    00000000000000000000000                       966882275600000000000000000000       
7560001300025T 0603010000000010856030001900707117016     100190070711701610052019000000000017378021001050                         091000015778171765NATALIA O. VICENTE                      00000000000000000000002700000000004                 
7560001300026U 060000000000000000000000000000000000000000000000000000000000000000000000173780000000000173780000000000000000000000000000000705201907052019    00000000000000000000000                       968274975600000000000000000000       
7560001300027T 0603010000000010856030001900716830016     100190071683001615052019000000000011565021000440                         091000014673091760RAQUEL TEIXEIRA COSTA                   00000000000000000000002700000000004                 
7560001300028U 060000000000000000000000000000000000000000000000000000000000000000000000115650000000000115650000000000000000000000000000000805201908052019    00000000000000000000000                       969924775600000000000000000000       
7560001300029T 0603010000000010856030001900719022016     100190071902201615052019000000000014639237023130                         091000015732611738GABRIELA LIBERATO ARAUJO                00000000000000000000002700000000004                 
7560001300030U 060000000000000000000000000000000000000000000000000000000000000000000000146390000000000146390000000000000000000000000000000805201908052019    00000000000000000000000                       971089075600000000000000000000       
7560001300031T 0603010000000010856030001900720823016     100190072082301615052019000000000019526033034420                         091000015789197701MATHEUS PETERSON ROSA CAMPOS            00000000000000000000002700000000004                 
7560001300032U 060000000000000000000000000000000000000000000000000000000000000000000000195260000000000195260000000000000000000000000000000805201908052019    00000000000000000000000                       970006775600000000000000000000       
7560001300033T 0603010000000010856030001900724707016     100190072470701615052019000000000016982341014040                         091000013595676742ENDERSON CHARLES PEREIRA LIMA           00000000000000000000002700000000004                 
7560001300034U 060000000000000000000000000000000000000000000000000000000000000000000000169820000000000169820000000000000000000000000000000705201907052019    00000000000000000000000                       968275075600000000000000000000       
7560001300035T 0603010000000010856030001900731935016     100190073193501620052019000000000014985021000870                         091000015662074798RAPHAELA MORELLATO BOLZAN GOMES         00000000000000000000002700000000004                 
7560001300036U 060000000000000000000000000000000000000000000000000000000000000000000000149850000000000149850000000000000000000000000000000705201907052019    00000000000000000000000                       968275175600000000000000000000       
7560001300037T 0603010000000010856030001900733326016     100190073332601620052019000000000017167021001050                         091000014655070781KIMBERLLY DO NASCIMENTO BRASIL          00000000000000000000002700000000004                 
7560001300038U 060000000000000000000000000000000000000000000000000000000000000000000000171670000000000171670000000000000000000000000000000605201906052019    00000000000000000000000                       966194575600000000000000000000       
7560001300039T 0603010000000010856030001900734020016     100190073402001620052019000000000011778655006550                         091000010221902708LUIZI SOUZA CAETANO                     00000000000000000000002700000000004                 
7560001300040U 060000000000000000000000000000000000000000000000000000000000000000000000117780000000000117780000000000000000000000000000000705201907052019    00000000000000000000000                       968275275600000000000000000000       
7560001300041T 0603010000000010856030001900739709016     100190073970901620052019000000000022398033015420                         091000014765176738AMANDA DIAS BELCAVELLO                  00000000000000000000002700000000004                 
7560001300042U 060000000000000000000000000000000000000000000000000000000000000000000000223980000000000223980000000000000000000000000000000705201907052019    00000000000000000000000                       968275375600000000000000000000       
7560001300043T 0603010000000010856030001900749024016     100190074902401630052019000000000012630237015730                         091000014785489758HYANN ASSEF DE ALMEIDA                  00000000000000000000002700000000004                 
7560001300044U 060000000000000000000000000000000000000000000000000000000000000000000000126300000000000126300000000000000000000000000000000705201907052019    00000000000000000000000                       968275475600000000000000000000       
75600015         00004600002200000000000406457000000000000000000000000000000000000000000000000000000000000000000000                                                                                                                             
75699999         000001000048000000                                                                                                                                                                                                             
