75600000         212610514000148                    03010000000010856030FERNANDA PORTUGAL DE OLIVEIRA SICOOB                                  21104201910210200117408500000                                                                     
75600011T01  043 2012610514000148          301000000603010000000010856030FERNANDA PORTUGAL DE OLIVEIRA                                                                                 000000001104201900000000                                 
7560001300001T 0903010000000010856030001802612101016     100180261210101610102018000000000005460756030100                         091000013043254740LYZIA ZANON BARRETO                     00000000000000000000001800000000013                 
7560001300002U 090000000000000000000000000000000000000000000000000000000000000000000000000000000000000000000000000000000000000000000000000904201909042019    00000000000000000000000                       939000375600000000000000000000       
7560001300003T 0903010000000010856030001802617801016     100180261780101610102018000000000017835756030100                         091000014173389701SERGIO ROBERTO POYATO JUNIOR            00000000000000000000001800000000013                 
7560001300004U 090000000000000000000000000000000000000000000000000000000000000000000000000000000000000000000000000000000000000000000000000904201909042019    00000000000000000000000                       939000475600000000000000000000       
7560001300005T 0903010000000010856030001802634301016     100180263430101610102018000000000018276756030100                         091000013491875773CLARICE SAMPAIO REGATTIERI              00000000000000000000001800000000013                 
7560001300006U 090000000000000000000000000000000000000000000000000000000000000000000000000000000000000000000000000000000000000000000000000904201909042019    00000000000000000000000                       937701175600000000000000000000       
7560001300007T 0903010000000010856030001802813201016     100180281320101610102018000000000005194756030100                         091000016270863740JACKELINE DE SOUZA SANTOS               00000000000000000000001800000000013                 
7560001300008U 090000000000000000000000000000000000000000000000000000000000000000000000000000000000000000000000000000000000000000000000000904201909042019    00000000000000000000000                       936973575600000000000000000000       
7560001300009T 0603010000000010856030001900444929016     100190044492901630032019000000000061430260000010                         091000012342721722ANA CAROLINA DELBONI TELLES             00000000000000000000002700000000004                 
7560001300010U 060000000000050360000000000000000000000000000000000000000000000000000000664660000000000664660000000000000000000000000000001004201910042019    00000000000000000000000                       940432175600000000000000000000       
7560001300011T 0903010000000010856030001900498606016     100190049860601630032019000000000022315756030100                         091000012202093761LUA VINICIUS MARIANO GRIGIO             00000000000000000000002400000000011                 
7560001300012U 090000000000000000000000000000000000000000000000000000000000000000000000000000000000000000000000000000000000000000000000001004201910042019    00000000000000000000000                       940029675600000000000000000000       
7560001300013T 0603010000000010856030001900507827016     100190050782701631032019000000000011908001002090                         091000013861041758BRUNA RIBEIRO DOS SANTOS                00000000000000000000002700000000004                 
7560001300014U 060000000000009520000000000000000000000000000000000000000000000000000000128600000000000128600000000000000000000000000000001004201910042019    00000000000000000000000                       940432275600000000000000000000       
7560001300015T 0603010000000010856030001900572701016     100190057270101610042019000000000004340237004850                         091000014785755733LARISSA FALCÃO DE ASSIS                 00000000000000000000002700000000004                 
7560001300016U 060000000000000000000000000000000000000000000000000000000000000000000000043400000000000043400000000000000000000000000000001004201910042019    00000000000000000000000                       940291475600000000000000000000       
7560001300017T 0603010000000010856030001900578019016     100190057801901610042019000000000011778104008230                         091000015395700706AMANDA MORAIS DIAS                      00000000000000000000002700000000004                 
7560001300018U 060000000000000000000000000000000000000000000000000000000000000000000000117780000000000117780000000000000000000000000000000904201909042019    00000000000000000000000                       937077975600000000000000000000       
7560001300019T 0603010000000010856030001900579817016     100190057981701610042019000000000017932021001070                         091000057867003134CLAUDENIRA DE JESUS SOUZA               00000000000000000000002700000000004                 
7560001300020U 060000000000000000000000000000000000000000000000000000000000000000000000179320000000000179320000000000000000000000000000000904201909042019    00000000000000000000000                       938234575600000000000000000000       
7560001300021T 0603010000000010856030001900580618016     100190058061801610042019000000000018065341059290                         091000010725605774EDUARDO CONCEICAO DE BARROS             00000000000000000000002700000000004                 
7560001300022U 060000000000000000000000000000000000000000000000000000000000000000000000180650000000000180650000000000000000000000000000001004201910042019    00000000000000000000000                       941578575600000000000000000000       
7560001300023T 0603010000000010856030001900581317016     100190058131701610042019000000000017676104041900                         091000004112241585NATIELE OLIVEIRA CONCEIÇÃO ALBANO       00000000000000000000002700000000004                 
7560001300024U 060000000000000000000000000000000000000000000000000000000000000000000000176760000000000176760000000000000000000000000000000904201909042019    00000000000000000000000                       937469275600000000000000000000       
7560001300025T 0603010000000010856030001900604807016     100190060480701615042019000000000023849104001670                         091000014516813726SHEILA PIAZZAROLLO FAIÇAL MARIANO       00000000000000000000002700000000004                 
7560001300026U 060000000000000000000000000000000000000000000000000000000000000000000000238490000000000238490000000000000000000000000000001004201910042019    00000000000000000000000                       940862075600000000000000000000       
7560001300027T 0603010000000010856030001900605506016     100190060550601615042019000000000016982237004850                         091000013595676742ENDERSON CHARLES PEREIRA LIMA           00000000000000000000002700000000004                 
7560001300028U 060000000000000000000000000000000000000000000000000000000000000000000000169820000000000169820000000000000000000000000000000904201909042019    00000000000000000000000                       937078075600000000000000000000       
7560001300029T 0603010000000010856030001900609434016     100190060943401620042019000000000009652021001050                         091000014931785719KAIO VULPI BOZETTE                      00000000000000000000002700000000004                 
7560001300030U 060000000000000000000000000000000000000000000000000000000000000000000000096520000000000096520000000000000000000000000000001004201910042019    00000000000000000000000                       940087175600000000000000000000       
7560001300031T 0603010000000010856030001900685401016     100190068540101630032019000000000040315104008230                         091000015395700706AMANDA MORAIS DIAS                      00000000000000000000002700000000004                 
7560001300032U 060000000000032240000000000000000000000000000000000000000000000000000000435390000000000435390000000000000000000000000000000904201909042019    00000000000000000000000                       937088575600000000000000000000       
75600015         00003400001600000000000303007000000000000000000000000000000000000000000000000000000000000000000000                                                                                                                             
75699999         000001000036000000                                                                                                                                                                                                             
