75600000         212610514000148                    03010000000010856030FERNANDA PORTUGAL DE OLIVEIRA SICOOB                                  20706201913144700121808500000                                                                     
75600011T01  043 2012610514000148          301000000603010000000010856030FERNANDA PORTUGAL DE OLIVEIRA                                                                                 000000000706201900000000                                 
7560001300001T 0603010000000010856030001900708917016     100190070891701610052019000000000018276104023100                         091000011999285778LUANA DA SILVA RODRIGUES                00000000000000000000002700000000004                 
7560001300002U 060000000000020820000000000000000000000000000000000000000000000000000000203580000000000203580000000000000000000000000000000606201906062019    00000000000000000000000                      1003600775600000000000000000000       
7560001300003T 0603010000000010856030001900772012016     100190077201201630052019000000000010315001009240                         091000017225613782EDLENE AZEREDO DA SILVA                 00000000000000000000002700000000004                 
7560001300004U 060000000000007620000000000000000000000000000000000000000000000000000000110770000000000110770000000000000000000000000000000606201906062019    00000000000000000000000                      1003345275600000000000000000000       
7560001300005T 0603010000000010856030001900790320016     100190079032001610062019000000000012065033009300                         091000014306488721ALINE ROCHA DE ALMEIDA                  00000000000000000000002700000000004                 
7560001300006U 060000000000000000000000000000000000000000000000000000000000000000000000120650000000000120650000000000000000000000000000000606201906062019    00000000000000000000000                      1003603175600000000000000000000       
7560001300007T 0603010000000010856030001900792822016     100190079282201610082019000000000012065033009300                         091000014306488721ALINE ROCHA DE ALMEIDA                  00000000000000000000002700000000004                 
7560001300008U 060000000000000000000000000000000000000000000000000000000000000000000000120650000000000120650000000000000000000000000000000606201906062019    00000000000000000000000                      1003603275600000000000000000000       
7560001300009T 0603010000000010856030001900843910016     100190084391001620062019000000000022398033015420                         091000014765176738AMANDA DIAS BELCAVELLO                  00000000000000000000002700000000004                 
7560001300010U 060000000000000000000000000000000000000000000000000000000000000000000000223980000000000223980000000000000000000000000000000606201906062019    00000000000000000000000                      1004523175600000000000000000000       
7560001300011T 0603010000000010856030001900900401016     100190090040101615062019000000000013710021000660                         091000015307481780VALKILAINE DA SILVA SOUSA               00000000000000000000002700000000004                 
7560001300012U 060000000000000000000000000000000000000000000000000000000000000000000000137100000000000137100000000000000000000000000000000606201906062019    00000000000000000000000                      1004667675600000000000000000000       
75600015         00001400000600000000000088829000000000000000000000000000000000000000000000000000000000000000000000                                                                                                                             
75699999         000001000016000000                                                                                                                                                                                                             
