75600000         212610514000148                    03010000000003381410FERNANDA PORTUGAL DE OLIVEIRA SICOOB                                  20207201914052000123308500000                                                                     
75600011T01  043 2012610514000148          301000000603010000000003381410FERNANDA PORTUGAL DE OLIVEIRA                                                                                 000000000207201900000000                                 
7560001300001T 0903010000000003381410001891437806016     100189143780601610122018000000000014315756030100                         091000016827819760ELIZA SIMOES ANTUNES                    00000000000000000000001800000000013                 
7560001300002U 090000000000000000000000000000000000000000000000000000000000000000000000000000000000000000000000000000000000000000000000001006201910062019    00000000000000000000000                      1008467775600000000000000000000       
7560001300003T 0903010000000003381410001891442506016     100189144250601610122018000000000012588756030100                         091000015921092762ISABELA DOMINICINI DE OLIVEIRA          00000000000000000000001800000000013                 
7560001300004U 090000000000000000000000000000000000000000000000000000000000000000000000000000000000000000000000000000000000000000000000001006201910062019    00000000000000000000000                      1008218275600000000000000000000       
7560001300005T 0903010000000003381410001891446406016     100189144640601610122018000000000010615756030100                         091000014877073710AMANDA KEIKO HASHIMOTO                  00000000000000000000001800000000013                 
7560001300006U 090000000000000000000000000000000000000000000000000000000000000000000000000000000000000000000000000000000000000000000000001006201910062019    00000000000000000000000                      1008467875600000000000000000000       
7560001300007T 0903010000000003381410001891447104016     100189144710401610122018000000000018440756030100                         091000015706665710LETICIA KELLY FREITAS LIMA              00000000000000000000001800000000013                 
7560001300008U 090000000000000000000000000000000000000000000000000000000000000000000000000000000000000000000000000000000000000000000000001006201910062019    00000000000000000000000                      1008467975600000000000000000000       
7560001300009T 0903010000000003381410001891452903016     100189145290301610122018000000000017670756030100                         091000014967476740EVANDRO DE CAMPOS JUNIOR                00000000000000000000001800000000013                 
7560001300010U 090000000000000000000000000000000000000000000000000000000000000000000000000000000000000000000000000000000000000000000000001006201910062019    00000000000000000000000                      1006636675600000000000000000000       
7560001300011T 0903010000000003381410001891453603016     100189145360301610122018000000000016744756030100                         091000003235651314JOSE FRANCISCO MONTEIRO LIMA            00000000000000000000001800000000013                 
7560001300012U 090000000000000000000000000000000000000000000000000000000000000000000000000000000000000000000000000000000000000000000000001006201910062019    00000000000000000000000                      1008218375600000000000000000000       
7560001300013T 0903010000000003381410001891460802016     100189146080201610122018000000000010315756030100                         091000012586061780LUCAS DA SILVA OLIVEIRA                 00000000000000000000001800000000013                 
7560001300014U 090000000000000000000000000000000000000000000000000000000000000000000000000000000000000000000000000000000000000000000000001006201910062019    00000000000000000000000                      1008468075600000000000000000000       
7560001300015T 0903010000000003381410001891578101016     100189157810101610122018000000000001815756030100                         091000016077732796JESSYCA BARRETO MELO DE JESUS           00000000000000000000001800000000013                 
7560001300016U 090000000000000000000000000000000000000000000000000000000000000000000000000000000000000000000000000000000000000000000000001006201910062019    00000000000000000000000                      1007629275600000000000000000000       
7560001300017T 0903010000000003381410001891581401016     100189158140101610122018000000000007815756030100                         091000091559774720MARIA JULIA MAZEGA PAGANI               00000000000000000000001800000000013                 
7560001300018U 090000000000000000000000000000000000000000000000000000000000000000000000000000000000000000000000000000000000000000000000001006201910062019    00000000000000000000000                      1007629375600000000000000000000       
7560001300019T 0903010000000003381410001891583901016     100189158390101610122018000000000006315756030100                         091000016046873711NATALIA PEREIRA PINTO STEIN             00000000000000000000001800000000013                 
7560001300020U 090000000000000000000000000000000000000000000000000000000000000000000000000000000000000000000000000000000000000000000000001006201910062019    00000000000000000000000                      1008244275600000000000000000000       
7560001300021T 0903010000000003381410001891584601016     100189158460101610122018000000000018315756030100                         091000015968524707ANA PAULA DE LIMA CORREIA               00000000000000000000001800000000013                 
7560001300022U 090000000000000000000000000000000000000000000000000000000000000000000000000000000000000000000000000000000000000000000000001006201910062019    00000000000000000000000                      1007629475600000000000000000000       
7560001300023T 0603010000000003381410001891665801016     100189166580101610012019000000000016215001009240                         091000017225613782EDLENE AZEREDO DA SILVA                 00000000000000000000002700000000004                 
7560001300024U 060000000000057390000000000000000000000000000000000000000000000000000000219540000000000219540000000000000000000000000000000606201906062019    00000000000000000000000                      1004410675600000000000000000000       
7560001300025T 0603010000000003381410001920331603016     100192033160301610062019000000000020315756032600                         091000014192460700JULIANA SARTORIO FORNAZIER              00000000000000000000002700000000004                 
7560001300026U 060000000000000000000000000000000000000000000000000000000000000000000000203150000000000203150000000000000000000000000000001006201910062019    00000000000000000000000                      1006898075600000000000000000000       
7560001300027T 0603010000000003381410001920687310016     100192068731001610062019000000000010215001036620                         091000015662074798RAPHAELA MORELLATO BOLZAN GOMES         00000000000000000000002700000000004                 
7560001300028U 060000000000000000000000000000000000000000000000000000000000000000000000102150000000000102150000000000000000000000000000001006201910062019    00000000000000000000000                      1009624275600000000000000000000       
7560001300029T 0603010000000003381410001920688003016     100192068800301610062019000000000015315001009240                         091000015585198742CAROLINA SAITER CASOTTI COSTA           00000000000000000000002700000000004                 
7560001300030U 060000000000000000000000000000000000000000000000000000000000000000000000153150000000000153150000000000000000000000000000000606201906062019    00000000000000000000000                      1004321875600000000000000000000       
7560001300031T 0603010000000003381410001920690603016     100192069060301610062019000000000015315021000550                         091000036428345749MARIA FIOROT DALLA                      00000000000000000000002700000000004                 
7560001300032U 060000000000000000000000000000000000000000000000000000000000000000000000153150000000000153150000000000000000000000000000000706201907062019    00000000000000000000000                      1005020675600000000000000000000       
7560001300033T 0603010000000003381410001920691303016     100192069130301610062019000000000015315001002220                         091000012580834770POLIANA CARLA FERREIRA BARBOSA          00000000000000000000002700000000004                 
7560001300034U 060000000000000000000000000000000000000000000000000000000000000000000000153150000000000153150000000000000000000000000000000706201907062019    00000000000000000000000                      1006004775600000000000000000000       
7560001300035T 0603010000000003381410001920693801016     100192069380101610062019000000000011777001031940                         091000009015879745ANDREIA SANTOS RIBEIRO                  00000000000000000000002700000000004                 
7560001300036U 060000000000000000000000000000000000000000000000000000000000000000000000117770000000000117770000000000000000000000000000001006201910062019    00000000000000000000000                      1010568075600000000000000000000       
7560001300037T 0603010000000003381410001920700501016     100192070050101610062019000000000012815021002360                         091000015740249732LETICIA GOBI HACKBART DE SOUZA          00000000000000000000002700000000004                 
7560001300038U 060000000000000000000000000000000000000000000000000000000000000000000000128150000000000128150000000000000000000000000000001006201910062019    00000000000000000000000                      1009624375600000000000000000000       
7560001300039T 0603010000000003381410001920701208016     100192070120801610062019000000000013315104016430                         091000012086599790ARTHUR CAIRES DE SOUZA PEREIRA          00000000000000000000002700000000004                 
7560001300040U 060000000000000000000000000000000000000000000000000000000000000000000000133150000000000133150000000000000000000000000000000706201907062019    00000000000000000000000                      1005020775600000000000000000000       
7560001300041T 0603010000000003381410001920702008016     100192070200801610062019000000000008265021002080                         091000016646450714RODRIGO YASCHI LAURETT SCHOPF CASSEMIRO 00000000000000000000002700000000004                 
7560001300042U 060000000000000000000000000000000000000000000000000000000000000000000000082650000000000082650000000000000000000000000000001006201910062019    00000000000000000000000                      1008786475600000000000000000000       
7560001300043T 0603010000000003381410001920703706016     100192070370601610062019000000000016215001009240                         091000017225613782EDLENE AZEREDO DA SILVA                 00000000000000000000002700000000004                 
7560001300044U 060000000000000000000000000000000000000000000000000000000000000000000000162150000000000162150000000000000000000000000000001006201910062019    00000000000000000000000                      1009624475600000000000000000000       
7560001300045T 0603010000000003381410001920707604016     100192070760401610062019000000000008815021002360                         091000014520577705PAMELA RIBEIRO                          00000000000000000000002700000000004                 
7560001300046U 060000000000000000000000000000000000000000000000000000000000000000000000088150000000000088150000000000000000000000000000001006201910062019    00000000000000000000000                      1009624575600000000000000000000       
7560001300047T 0603010000000003381410001920709002016     100192070900201610062019000000000012815341092880                         091000013536156770JESSIKA DE OLIVEIRA LEAL                00000000000000000000002700000000004                 
7560001300048U 060000000000000000000000000000000000000000000000000000000000000000000000128150000000000128150000000000000000000000000000000706201907062019    00000000000000000000000                      1005052475600000000000000000000       
7560001300049T 0603010000000003381410001920710903016     100192071090301610062019000000000011105001047330                         091000014936525758ISABELLA MARTINS GARDINI MACEDO         00000000000000000000002700000000004                 
7560001300050U 060000000000000000000000000000000000000000000000000000000000000000000000111050000000000111050000000000000000000000000000000706201907062019    00000000000000000000000                      1006004875600000000000000000000       
7560001300051T 0603010000000003381410001920712303016     100192071230301610062019000000000011105001018020                         091000009431382725ROBERTA ABREU SILVA MARQUES RODRIGUES   00000000000000000000002700000000004                 
7560001300052U 060000000000000000000000000000000000000000000000000000000000000000000000111050000000000111050000000000000000000000000000001006201910062019    00000000000000000000000                      1009637075600000000000000000000       
7560001300053T 0603010000000003381410001920713002016     100192071300201610062019000000000008815341042930                         091000013315458707PAMELA CRISTINA COSTA HONOFRE           00000000000000000000002700000000004                 
7560001300054U 060000000000000000000000000000000000000000000000000000000000000000000000088150000000000088150000000000000000000000000000001006201910062019    00000000000000000000000                      1011697775600000000000000000000       
7560001300055T 0603010000000003381410001920714803016     100192071480301610062019000000000010025104037790                         091000094708096704ROSEMERE DOS SANTOS ROCHA CHAGAS        00000000000000000000002700000000004                 
7560001300056U 060000000000000000000000000000000000000000000000000000000000000000000000100250000000000100250000000000000000000000000000000606201906062019    00000000000000000000000                      1003849575600000000000000000000       
7560001300057T 0603010000000003381410001920715502016     100192071550201610062019000000000013260655006550                         091000009707997729CARMELITA GONÇALVES PENA LOPES          00000000000000000000002700000000004                 
7560001300058U 060000000000000000000000000000000000000000000000000000000000000000000000132600000000000132600000000000000000000000000000001006201910062019    00000000000000000000000                      1008786575600000000000000000000       
7560001300059T 0603010000000003381410001920716202016     100192071620201610062019000000000009482341042930                         091000015445588726EVELLIN HELENA BRANDAO DE OLIVEIRA      00000000000000000000002700000000004                 
7560001300060U 060000000000000000000000000000000000000000000000000000000000000000000000094820000000000094820000000000000000000000000000000706201907062019    00000000000000000000000                      1005748175600000000000000000000       
7560001300061T 0603010000000003381410001920717001016     100192071700101610062019000000000005315001029210                         091000013777202762BRENNO PORTO SANTANA                    00000000000000000000002700000000004                 
7560001300062U 060000000000000000000000000000000000000000000000000000000000000000000000053150000000000053150000000000000000000000000000001006201910062019    00000000000000000000000                      1008366775600000000000000000000       
7560001300063T 0603010000000003381410001920718701016     100192071870101610062019000000000012982001031300                         091000003450622137VICTOR MATHEUS SOUZA SMANIOTTO          00000000000000000000002700000000004                 
7560001300064U 060000000000000000000000000000000000000000000000000000000000000000000000129820000000000129820000000000000000000000000000001006201910062019    00000000000000000000000                      1011697875600000000000000000000       
7560001300065T 0603010000000003381410001920724105016     100192072410501615062019000000000011502237004140                         091000012845255705TAINA VIANA CAMPOREZ                    00000000000000000000002700000000004                 
7560001300066U 060000000000000000000000000000000000000000000000000000000000000000000000115020000000000115020000000000000000000000000000001006201910062019    00000000000000000000000                      1008786675600000000000000000000       
7560001300067T 0603010000000003381410001920729801016     100192072980101620062019000000000014315021001050                         091000014931785719KAIO VULPI BOZETTE                      00000000000000000000002700000000004                 
7560001300068U 060000000000000000000000000000000000000000000000000000000000000000000000143150000000000143150000000000000000000000000000001006201910062019    00000000000000000000000                      1011697975600000000000000000000       
7560001300069T 0603010000000003381410001920743101016     100192074310101620062019000000000007115104010460                         091000011238368760ESTER LIMA RODRIGUES                    00000000000000000000002700000000004                 
7560001300070U 060000000000000000000000000000000000000000000000000000000000000000000000071150000000000071150000000000000000000000000000000606201906062019    00000000000000000000000                      1004089475600000000000000000000       
7560001300071T 0603010000000003381410001920745601016     100192074560101620062019000000000014315104046070                         091000013424014761SAMILA PIMENTA DOS SANTOS               00000000000000000000002700000000004                 
7560001300072U 060000000000000000000000000000000000000000000000000000000000000000000000143150000000000143150000000000000000000000000000000706201907062019    00000000000000000000000                      1005555875600000000000000000000       
7560001300073T 0603010000000003381410001920747001016     100192074700101620062019000000000022982021001150                         091000005884252730ROBERTA FAVERO DE JESUS                 00000000000000000000002700000000004                 
7560001300074U 060000000000000000000000000000000000000000000000000000000000000000000000229820000000000229820000000000000000000000000000000606201906062019    00000000000000000000000                      1003996075600000000000000000000       
7560001300075T 0603010000000003381410001920774001016     100192077400101630062019000000000012982756030070                         091000013298588750GUTIERRES VEZZONI TURETTA               00000000000000000000002700000000004                 
7560001300076U 060000000000000000000000000000000000000000000000000000000000000000000000129820000000000129820000000000000000000000000000000706201907062019    00000000000000000000000                      1005670775600000000000000000000       
7560001300077T 0603010000000003381410001920783608016     100192078360801630062019000000000008265077000010                         091000014063126730JULIA GORINI                            00000000000000000000002700000000004                 
7560001300078U 060000000000000000000000000000000000000000000000000000000000000000000000082650000000000082650000000000000000000000000000001006201910062019    00000000000000000000000                      1010568175600000000000000000000       
7560001300079T 0603010000000003381410001920812501016     100192081250101610062019000000000025315104024400                         091000014173389701SERGIO ROBERTO POYATO JUNIOR            00000000000000000000002700000000004                 
7560001300080U 060000000000000000000000000000000000000000000000000000000000000000000000253150000000000253150000000000000000000000000000001006201910062019    00000000000000000000000                      1010526775600000000000000000000       
7560001300081T 0603010000000003381410001920821101016     100192082110101610062019000000000060315001047260                         091000014171008778MARIA ALICE ALVARENGA VIEIRA            00000000000000000000002700000000004                 
7560001300082U 060000000000000000000000000000000000000000000000000000000000000000000000603150000000000603150000000000000000000000000000001006201910062019    00000000000000000000000                      1011506475600000000000000000000       
7560001300083T 0603010000000003381410001920824301016     100192082430101610062019000000000018315104008800                         091000014092398700KAREN CASTAO GAVA ALVES PEREIRA         00000000000000000000002700000000004                 
7560001300084U 060000000000000000000000000000000000000000000000000000000000000000000000183150000000000183150000000000000000000000000000000706201907062019    00000000000000000000000                      1006186275600000000000000000000       
7560001300085T 0603010000000003381410001920852001016     100192085200101610062019000000000030315756040210                         091000015433089703DEBORA PEREIRA ARAGÃO                   00000000000000000000002700000000004                 
7560001300086U 060000000000000000000000000000000000000000000000000000000000000000000000303150000000000303150000000000000000000000000000001006201910062019    00000000000000000000000                      1011523275600000000000000000000       
7560001300087T 0603010000000003381410001920854401016     100192085440101610062019000000000030315021001290                         091000013269234716LARA GUEDES LUBIANA                     00000000000000000000002700000000004                 
7560001300088U 060000000000000000000000000000000000000000000000000000000000000000000000303150000000000303150000000000000000000000000000001006201910062019    00000000000000000000000                      1010936675600000000000000000000       
7560001300089T 0603010000000003381410001920855101016     100192085510101610062019000000000030315021001080                         091000014147662706AILA CELANTE CRUZ                       00000000000000000000002700000000004                 
7560001300090U 060000000000000000000000000000000000000000000000000000000000000000000000303150000000000303150000000000000000000000000000001006201910062019    00000000000000000000000                      1009099775600000000000000000000       
7560001300091T 0603010000000003381410001920856901016     100192085690101610062019000000000030315001056100                         091000014754292740MARCELA MOREIRA GARCIA ZANNI            00000000000000000000002700000000004                 
7560001300092U 060000000000000000000000000000000000000000000000000000000000000000000000303150000000000303150000000000000000000000000000001006201910062019    00000000000000000000000                      1011496275600000000000000000000       
7560001300093T 0603010000000003381410001920864801016     100192086480101615062019000000000015315001010560                         091000011868871762ROBERTO VIEIRA STEIN                    00000000000000000000002700000000004                 
7560001300094U 060000000000000000000000000000000000000000000000000000000000000000000000153150000000000153150000000000000000000000000000001006201910062019    00000000000000000000000                      1009425775600000000000000000000       
7560001300095T 0603010000000003381410001920865501016     100192086550101615062019000000000015315021000420                         091000014451275717LARA GABRIELA MAGIONI SANTOS            00000000000000000000002700000000004                 
7560001300096U 060000000000000000000000000000000000000000000000000000000000000000000000153150000000000153150000000000000000000000000000000706201907062019    00000000000000000000000                      1005843175600000000000000000000       
7560001300097T 0603010000000003381410001920872701016     100192087270101620062019000000000005315033020770                         091000017158363759SARA RODRIGUES                          00000000000000000000002700000000004                 
7560001300098U 060000000000000000000000000000000000000000000000000000000000000000000000053150000000000053150000000000000000000000000000001006201910062019    00000000000000000000000                      1011773875600000000000000000000       
7560001300099T 0603010000000003381410001920878001016     100192087800101620062019000000000005315033033460                         091000016316672705NICKSON SANTOS ENDLICH                  00000000000000000000002700000000004                 
7560001300100U 060000000000000000000000000000000000000000000000000000000000000000000000053150000000000053150000000000000000000000000000000606201906062019    00000000000000000000000                      1004054075600000000000000000000       
7560001300101T 0603010000000003381410001920880601016     100192088060101615062019000000000005315021002360                         091000008827538780WILTON CARVALHO OLIVEIRA                00000000000000000000002700000000004                 
7560001300102U 060000000000000000000000000000000000000000000000000000000000000000000000053150000000000053150000000000000000000000000000000706201907062019    00000000000000000000000                      1005633875600000000000000000000       
75600015         00010400005100000000000756999000000000000000000000000000000000000000000000000000000000000000000000                                                                                                                             
75699999         000001000106000000                                                                                                                                                                                                             
