75600000         100012019045796                    03010000000000730160BARBARA ALLEDI DELACQUA       SICOOB                                  21405201909391800048108500000                                                                     
75600011T01  043 1000012019045796          301000000603010000000000730160BARBARA ALLEDI DELACQUA                                                                                       000000001405201900000000                                 
7560001300001T 0603010000000000730160001900191205016     100190019120501615052019000000000016815001009240                         091000015585198742CAROLINA SAITER CASOTTI COSTA           00000000000000000000002700000000004                 
7560001300002U 060000000000000000000000000000000000000000000000000000000000000000000000168150000000000168150000000000000000000000000000000605201907052019    00000000000000000000000                       967609275600000000000000000000       
7560001300003T 0603010000000000730160001900193705016     100190019370501615052019000000000016815104038220                         091000002720745510KELVIN MARQUES MOREIRA                  00000000000000000000002700000000004                 
7560001300004U 060000000000000000000000000000000000000000000000000000000000000000000000168150000000000168150000000000000000000000000000000805201909052019    00000000000000000000000                       971089175600000000000000000000       
7560001300005T 0603010000000000730160001900196905016     100190019690501615052019000000000016815341096040                         091000001988353700LUIZ CARLOS DIAS QUINTELA               00000000000000000000002700000000004                 
7560001300006U 060000000000000000000000000000000000000000000000000000000000000000000000168150000000000168150000000000000000000000000000000805201909052019    00000000000000000000000                       969924975600000000000000000000       
7560001300007T 0603010000000000730160001900203605016     100190020360501615052019000000000019815001030840                         091000013564950796AMANDA PINHEIRO BASTO                   00000000000000000000002700000000004                 
7560001300008U 060000000000000000000000000000000000000000000000000000000000000000000000198150000000000198150000000000000000000000000000000905201910052019    00000000000000000000000                       972293075600000000000000000000       
7560001300009T 0603010000000000730160001900221905016     100190022190501615052019000000000019815021000510                         091000014805909757KAROLINA CURTO ZAMILUTE                 00000000000000000000002700000000004                 
7560001300010U 060000000000000000000000000000000000000000000000000000000000000000000000198150000000000198150000000000000000000000000000001005201913052019    00000000000000000000000                       973660375600000000000000000000       
7560001300011T 0603010000000000730160001900228005016     100190022800501615052019000000000019815021001840                         091000012580834770POLIANA CARLA FERREIRA BARBOSA          00000000000000000000002700000000004                 
7560001300012U 060000000000000000000000000000000000000000000000000000000000000000000000198150000000000198150000000000000000000000000000000605201907052019    00000000000000000000000                       966882475600000000000000000000       
7560001300013T 0603010000000000730160001900232005016     100190023200501615052019000000000019815021001100                         091000013257001770THAIS REGINA DIPRÉ CANAIS               00000000000000000000002700000000004                 
7560001300014U 060000000000000000000000000000000000000000000000000000000000000000000000198150000000000198150000000000000000000000000000000705201908052019    00000000000000000000000                       968275675600000000000000000000       
7560001300015T 0603010000000000730160001900233705016     100190023370501615052019000000000019815260000010                         091000013050736739THAIS SILVEIRA DE OLIVEIRA              00000000000000000000002700000000004                 
7560001300016U 060000000000000000000000000000000000000000000000000000000000000000000000198150000000000198150000000000000000000000000000000905201910052019    00000000000000000000000                       972293175600000000000000000000       
75600015         00001800000800000000000149520000000000000000000000000000000000000000000000000000000000000000000000                                                                                                                             
75699999         000001000020000000                                                                                                                                                                                                             
