75600000         212610514000148                    03010000000010856030FERNANDA PORTUGAL DE OLIVEIRA SICOOB                                  21009202010520800160508500000                                                                     
75600011T01  043 2012610514000148          301000000603010000000010856030FERNANDA PORTUGAL DE OLIVEIRA                                                                                 000000001009202000000000                                 
7560001300001T 0603010000000010856030002001386411016     100200138641101610092020000000000014530260000010                         091000005793138757JULIANA BORGHI FAVARATO                 00000000000000000000002030000000004                 
7560001300002U 060000000000000000000000000000000000000000000000000000000000000000000000145300000000000145300000000000000000000000000000000909202009092020    00000000000000000000000                      1597378175600000000000000000000       
7560001300003T 0603010000000010856030002001625012016     100200162501201610092020000000000014530260000010                         091000005793138757JULIANA BORGHI FAVARATO                 00000000000000000000002030000000004                 
7560001300004U 060000000000000000000000000000000000000000000000000000000000000000000000145300000000000145300000000000000000000000000000000909202009092020    00000000000000000000000                      1599093275600000000000000000000       
7560001300005T 0603010000000010856030002002004435016     100200200443501610092020000000000012065033009300                         091000014306488721ALINE ROCHA DE ALMEIDA                  00000000000000000000002030000000004                 
7560001300006U 060000000000000000000000000000000000000000000000000000000000000000000000120650000000000120650000000000000000000000000000000909202009092020    00000000000000000000000                      1598025775600000000000000000000       
7560001300007T 0603010000000010856030002002012314016     100200201231401610092020000000000015405212000010                         091000013086739738ARTHUR FREITAS DO NASCIMENTO            00000000000000000000002030000000004                 
7560001300008U 060000000000000000000000000000000000000000000000000000000000000000000000154050000000000154050000000000000000000000000000000909202009092020    00000000000000000000000                      1598975175600000000000000000000       
7560001300009T 0603010000000010856030002002021014016     100200202101401610092020000000000017555033043160                         091000016479647769GISELE VIEIRA DA SILVA                  00000000000000000000002030000000004                 
7560001300010U 060000000000000000000000000000000000000000000000000000000000000000000000175550000000000175550000000000000000000000000000000909202009092020    00000000000000000000000                      1597762875600000000000000000000       
7560001300011T 0603010000000010856030002002046309016     100200204630901610092020000000000010315021000510                         091000014756824765DEBORAH SILVA PINHEIRO                  00000000000000000000002030000000004                 
7560001300012U 060000000000000000000000000000000000000000000000000000000000000000000000103150000000000103150000000000000000000000000000000909202009092020    00000000000000000000000                      1598610475600000000000000000000       
7560001300013T 0603010000000010856030002002047009016     100200204700901610092020000000000011315104016430                         091000017317338796JULIA DIAS NEGRELI                      00000000000000000000002030000000004                 
7560001300014U 060000000000000000000000000000000000000000000000000000000000000000000000113150000000000113150000000000000000000000000000000909202009092020    00000000000000000000000                      1598865975600000000000000000000       
7560001300015T 0603010000000010856030002002048809016     100200204880901610092020000000000006555104001710                         091000016433136737MARJORIE TOLEDO NOGUEIRA                00000000000000000000002030000000004                 
7560001300016U 060000000000000000000000000000000000000000000000000000000000000000000000065550000000000065550000000000000000000000000000000909202009092020    00000000000000000000000                      1598849475600000000000000000000       
7560001300017T 0603010000000010856030002002063903016     100200206390301610092020000000000030315104015640                         091000010688664709IANA EPICHIM FALLEIROS                  00000000000000000000002030000000004                 
7560001300018U 060000000000000000000000000000000000000000000000000000000000000000000000303150000000000303150000000000000000000000000000000909202009092020    00000000000000000000000                      1598975275600000000000000000000       
7560001300019T 0603010000000010856030002002068515016     100200206851501615092020000000000030315104008800                         091000014074546760HELLEN KARLA RIBEIRO DOS SANTOS         00000000000000000000002030000000004                 
7560001300020U 060000000000000000000000000000000000000000000000000000000000000000000000303150000000000303150000000000000000000000000000000909202009092020    00000000000000000000000                      1598025875600000000000000000000       
7560001300021T 0603010000000010856030002002072513016     100200207251301615092020000000000018910104038800                         091000018404295778JOSE CLOVIS MILIORINI MORAIS            00000000000000000000002030000000004                 
7560001300022U 060000000000000000000000000000000000000000000000000000000000000000000000189100000000000189100000000000000000000000000000000909202009092020    00000000000000000000000                      1598908975600000000000000000000       
7560001300023T 0603010000000010856030002002082912016     100200208291201615092020000000000016781212000010                         091000018329002748HADASSA MARQUES DA SILVA                00000000000000000000002030000000004                 
7560001300024U 060000000000000000000000000000000000000000000000000000000000000000000000167810000000000167810000000000000000000000000000000909202009092020    00000000000000000000000                      1598610575600000000000000000000       
7560001300025T 0603010000000010856030002002091508016     100200209150801615092020000000000012500001018020                         091000017059339710ARIADNA DA CRUZ SCHEREIBER              00000000000000000000002030000000004                 
7560001300026U 060000000000000000000000000000000000000000000000000000000000000000000000125000000000000125000000000000000000000000000000000909202009092020    00000000000000000000000                      1598610675600000000000000000000       
75600015         00002800001300000000000211091000000000000000000000000000000000000000000000000000000000000000000000                                                                                                                             
75699999         000001000030000000                                                                                                                                                                                                             
