75600000         212610514000148                    03010000000010856030FERNANDA PORTUGAL DE OLIVEIRA SICOOB                                  21006201910340200121908500000                                                                     
75600011T01  043 2012610514000148          301000000603010000000010856030FERNANDA PORTUGAL DE OLIVEIRA                                                                                 000000001006201900000000                                 
7560001300001T 0603010000000010856030001803313220016     100180331322001630062019000000000011505021000820                         091000014451947758ISABELLA GREGORIO VIEIRA                00000000000000000000002700000000004                 
7560001300002U 060000000000000000000000000000000000000000000000000000000000000000000000115050000000000115050000000000000000000000000000000706201907062019    00000000000000000000000                      1004914675600000000000000000000       
7560001300003T 0603010000000010856030001900799901016     100190079990101610062019000000000005315021002710                         091000016021077776ALVO MORANDI NETO                       00000000000000000000002700000000004                 
7560001300004U 060000000000000000000000000000000000000000000000000000000000000000000000053150000000000053150000000000000000000000000000000706201907062019    00000000000000000000000                      1006004675600000000000000000000       
7560001300005T 0603010000000010856030001900804121016     100190080412101610062019000000000011505001034800                         091000016259801750MARIANA COELHO BROMONSCHENKEL           00000000000000000000002700000000004                 
7560001300006U 060000000000000000000000000000000000000000000000000000000000000000000000115050000000000115050000000000000000000000000000000706201907062019    00000000000000000000000                      1005064775600000000000000000000       
7560001300007T 0603010000000010856030001900812018016     100190081201801610062019000000000017378104005900                         091000015778171765NATALIA O. VICENTE                      00000000000000000000002700000000004                 
7560001300008U 060000000000000000000000000000000000000000000000000000000000000000000000173780000000000173780000000000000000000000000000000706201907062019    00000000000000000000000                      1006083475600000000000000000000       
7560001300009T 0603010000000010856030001900834202016     100190083420201620062019000000000021515104012550                         091000014707981747ANA CAROLINE PEREIRA DOS SANTOS         00000000000000000000002700000000004                 
7560001300010U 060000000000000000000000000000000000000000000000000000000000000000000000215150000000000215150000000000000000000000000000000706201907062019    00000000000000000000000                      1006010575600000000000000000000       
7560001300011T 0603010000000010856030001900862930016     100190086293001630062019000000000018315756030070                         091000013298588750GUTIERRES VEZZONI TURETTA               00000000000000000000002700000000004                 
7560001300012U 060000000000000000000000000000000000000000000000000000000000000000000000183150000000000183150000000000000000000000000000000706201907062019    00000000000000000000000                      1005670675600000000000000000000       
7560001300013T 0603010000000010856030001900886512016     100190088651201630062019000000000019635104016430                         091000012086599790ARTHUR CAIRES DE SOUZA PEREIRA          00000000000000000000002700000000004                 
7560001300014U 060000000000000000000000000000000000000000000000000000000000000000000000196350000000000196350000000000000000000000000000000706201907062019    00000000000000000000000                      1005020575600000000000000000000       
75600015         00001600000700000000000105168000000000000000000000000000000000000000000000000000000000000000000000                                                                                                                             
75699999         000001000018000000                                                                                                                                                                                                             
