75600000         212610514000148                    03010000000003381410FERNANDA PORTUGAL DE OLIVEIRA SICOOB                                  21005201910564500119208500000                                                                     
75600011T01  043 2012610514000148          301000000603010000000003381410FERNANDA PORTUGAL DE OLIVEIRA                                                                                 000000001005201900000000                                 
7560001300001T 0903010000000003381410001891247805016     100189124780501605112018000000000013497756030100                         091000014424323730CARINE ARAUJO DOS SANTOS                00000000000000000000001800000000013                 
7560001300002U 090000000000000000000000000000000000000000000000000000000000000000000000000000000000000000000000000000000000000000000000000605201906052019    00000000000000000000000                       963707075600000000000000000000       
7560001300003T 0603010000000003381410001920046003016     100192004600301610052019000000000025915021001040                         091000016304062796FERNANDA MAGALHAES ABRANCHES BARCEL     00000000000000000000002700000000004                 
7560001300004U 060000000000000000000000000000000000000000000000000000000000000000000000259150000000000259150000000000000000000000000000000805201908052019    00000000000000000000000                       969860075600000000000000000000       
7560001300005T 0603010000000003381410001920375002016     100192037500201615042019000000000012248001030840                         091000014707310702KATHELEN BASTOS DRUMOND                 00000000000000000000002700000000004                 
7560001300006U 060000000000013210000000000000000000000000000000000000000000000000000000135690000000000135690000000000000000000000000000000905201909052019    00000000000000000000000                       972200675600000000000000000000       
7560001300007T 0603010000000003381410001920448203016     100192044820301620052019000000000008649104016430                         091000013413482700ERICK NASCIMENTO ALMEIDA                00000000000000000000002700000000004                 
7560001300008U 060000000000000000000000000000000000000000000000000000000000000000000000086490000000000086490000000000000000000000000000000605201906052019    00000000000000000000000                       964725275600000000000000000000       
7560001300009T 0603010000000003381410001920506501016     100192050650101630042019000000000010025021000120                         091000014186514780FRANCISLAINE LEPAUS DE OLIVEIRA         00000000000000000000002700000000004                 
7560001300010U 060000000000007810000000000000000000000000000000000000000000000000000000108060000000000108060000000000000000000000000000000905201909052019    00000000000000000000000                       972579575600000000000000000000       
7560001300011T 0603010000000003381410001920513701016     100192051370101630042019000000000010025033007880                         091000015170914709RENAN GUILHERME SOARES                  00000000000000000000002700000000004                 
7560001300012U 060000000000007410000000000000000000000000000000000000000000000000000000107660000000000107660000000000000000000000000000000705201907052019    00000000000000000000000                       968271675600000000000000000000       
7560001300013T 0603010000000003381410001920515114016     100192051511401610052019000000000012101756030070                         091000014217365780BRUNA VIANNA GONCALVES                  00000000000000000000002700000000004                 
7560001300014U 060000000000000000000000000000000000000000000000000000000000000000000000121010000000000121010000000000000000000000000000000605201906052019    00000000000000000000000                       967367375600000000000000000000       
7560001300015T 0603010000000003381410001920516914016     100192051691401610052019000000000011315104001670                         091000011114402710JESSICA ALVES DUTRA                     00000000000000000000002700000000004                 
7560001300016U 060000000000000000000000000000000000000000000000000000000000000000000000113150000000000113150000000000000000000000000000000805201908052019    00000000000000000000000                       970006875600000000000000000000       
7560001300017T 0603010000000003381410001920518307016     100192051830701610052019000000000008886104025210                         091000008948477676MICHELLE CHRISTIANE FERREIRA DA CRUZ    00000000000000000000002700000000004                 
7560001300018U 060000000000000000000000000000000000000000000000000000000000000000000000088860000000000088860000000000000000000000000000000605201906052019    00000000000000000000000                       965972975600000000000000000000       
7560001300019T 0603010000000003381410001920519007016     100192051900701610052019000000000013315104020990                         091000012086599790ARTHUR CAIRES DE SOUZA PEREIRA          00000000000000000000002700000000004                 
7560001300020U 060000000000000000000000000000000000000000000000000000000000000000000000133150000000000133150000000000000000000000000000000605201906052019    00000000000000000000000                       967466175600000000000000000000       
7560001300021T 0603010000000003381410001920529403016     100192052940301610052019000000000012315021006090                         091000014805909757KAROLINA CURTO ZAMILUTE                 00000000000000000000002700000000004                 
7560001300022U 060000000000000000000000000000000000000000000000000000000000000000000000123150000000000123150000000000000000000000000000000705201907052019    00000000000000000000000                       968275575600000000000000000000       
7560001300023T 0603010000000003381410001920532702016     100192053270201610052019000000000015315021001840                         091000012580834770POLIANA CARLA FERREIRA BARBOSA          00000000000000000000002700000000004                 
7560001300024U 060000000000000000000000000000000000000000000000000000000000000000000000153150000000000153150000000000000000000000000000000605201906052019    00000000000000000000000                       966882375600000000000000000000       
7560001300025T 0603010000000003381410001920536601016     100192053660101610052019000000000012815341092880                         091000013536156770JESSIKA DE OLIVEIRA LEAL                00000000000000000000002700000000004                 
7560001300026U 060000000000000000000000000000000000000000000000000000000000000000000000128150000000000128150000000000000000000000000000000905201909052019    00000000000000000000000                       972292875600000000000000000000       
7560001300027T 0603010000000003381410001920545205016     100192054520501615052019000000000007115021002050                         091000015491985724CARLA CAROLINE DARIVA FARIA             00000000000000000000002700000000004                 
7560001300028U 060000000000000000000000000000000000000000000000000000000000000000000000071150000000000071150000000000000000000000000000000905201909052019    00000000000000000000000                       972292975600000000000000000000       
7560001300029T 0603010000000003381410001920637501016     100192063750101610052019000000000026440021000360                         091000012939364729FILLIPE LESSA GOMES                     00000000000000000000002700000000004                 
7560001300030U 060000000000000000000000000000000000000000000000000000000000000000000000264400000000000264400000000000000000000000000000000705201907052019    00000000000000000000000                       969603775600000000000000000000       
7560001300031T 0603010000000003381410001920638201016     100192063820101610052019000000000026440021000360                         091000016298127739LAINY NICOLI ALMEIDA GADIOLI            00000000000000000000002700000000004                 
7560001300032U 060000000000000000000000000000000000000000000000000000000000000000000000264400000000000264400000000000000000000000000000000705201907052019    00000000000000000000000                       969603875600000000000000000000       
7560001300033T 0603010000000003381410001920639001016     100192063900101610052019000000000025315021002360                         091000015740249732LETICIA GOBI HACKBART DE SOUZA          00000000000000000000002700000000004                 
7560001300034U 060000000000000000000000000000000000000000000000000000000000000000000000253150000000000253150000000000000000000000000000000605201906052019    00000000000000000000000                       964965275600000000000000000000       
7560001300035T 0603010000000003381410001920643001016     100192064300101625052019000000000030315756030070                         091000013298588750GUTIERRES VEZZONI TURETTA               00000000000000000000002700000000004                 
7560001300036U 060000000000000000000000000000000000000000000000000000000000000000000000303150000000000303150000000000000000000000000000000905201909052019    00000000000000000000000                       971799775600000000000000000000       
75600015         00003800001800000000000282046000000000000000000000000000000000000000000000000000000000000000000000                                                                                                                             
75699999         000001000040000000                                                                                                                                                                                                             
