75600000         212610514000148                    03010000000003381410FERNANDA PORTUGAL DE OLIVEIRA SICOOB                                  20706201913144700121808500000                                                                     
75600011T01  043 2012610514000148          301000000603010000000003381410FERNANDA PORTUGAL DE OLIVEIRA                                                                                 000000000706201900000000                                 
7560001300001T 0603010000000003381410001891665801016     100189166580101610012019000000000016215001009240                         091000017225613782EDLENE AZEREDO DA SILVA                 00000000000000000000002700000000004                 
7560001300002U 060000000000057390000000000000000000000000000000000000000000000000000000219540000000000219540000000000000000000000000000000606201906062019    00000000000000000000000                      1004410675600000000000000000000       
7560001300003T 0603010000000003381410001920688003016     100192068800301610062019000000000015315001009240                         091000015585198742CAROLINA SAITER CASOTTI COSTA           00000000000000000000002700000000004                 
7560001300004U 060000000000000000000000000000000000000000000000000000000000000000000000153150000000000153150000000000000000000000000000000606201906062019    00000000000000000000000                      1004321875600000000000000000000       
7560001300005T 0603010000000003381410001920714803016     100192071480301610062019000000000010025104037790                         091000094708096704ROSEMERE DOS SANTOS ROCHA CHAGAS        00000000000000000000002700000000004                 
7560001300006U 060000000000000000000000000000000000000000000000000000000000000000000000100250000000000100250000000000000000000000000000000606201906062019    00000000000000000000000                      1003849575600000000000000000000       
7560001300007T 0603010000000003381410001920743101016     100192074310101620062019000000000007115104010460                         091000011238368760ESTER LIMA RODRIGUES                    00000000000000000000002700000000004                 
7560001300008U 060000000000000000000000000000000000000000000000000000000000000000000000071150000000000071150000000000000000000000000000000606201906062019    00000000000000000000000                      1004089475600000000000000000000       
7560001300009T 0603010000000003381410001920747001016     100192074700101620062019000000000022982021001150                         091000005884252730ROBERTA FAVERO DE JESUS                 00000000000000000000002700000000004                 
7560001300010U 060000000000000000000000000000000000000000000000000000000000000000000000229820000000000229820000000000000000000000000000000606201906062019    00000000000000000000000                      1003996075600000000000000000000       
7560001300011T 0603010000000003381410001920878001016     100192087800101620062019000000000005315033033460                         091000016316672705NICKSON SANTOS ENDLICH                  00000000000000000000002700000000004                 
7560001300012U 060000000000000000000000000000000000000000000000000000000000000000000000053150000000000053150000000000000000000000000000000606201906062019    00000000000000000000000                      1004054075600000000000000000000       
75600015         00001400000600000000000076967000000000000000000000000000000000000000000000000000000000000000000000                                                                                                                             
75699999         000001000016000000                                                                                                                                                                                                             
