75600000         212610514000148                    03010000000003381410FERNANDA PORTUGAL DE OLIVEIRA SICOOB                                  21405201910052300119508500000                                                                     
75600011T01  043 2012610514000148          301000000603010000000003381410FERNANDA PORTUGAL DE OLIVEIRA                                                                                 000000001405201900000000                                 
7560001300001T 0903010000000003381410001891247805016     100189124780501605112018000000000013497756030100                         091000014424323730CARINE ARAUJO DOS SANTOS                00000000000000000000001800000000013                 
7560001300002U 090000000000000000000000000000000000000000000000000000000000000000000000000000000000000000000000000000000000000000000000000605201906052019    00000000000000000000000                       963707075600000000000000000000       
7560001300003T 0903010000000003381410001891257105016     100189125710501610112018000000000014315756030100                         091000016827819760ELIZA SIMOES ANTUNES                    00000000000000000000001800000000013                 
7560001300004U 090000000000000000000000000000000000000000000000000000000000000000000000000000000000000000000000000000000000000000000000001005201910052019    00000000000000000000000                       975668975600000000000000000000       
7560001300005T 0903010000000003381410001891261105016     100189126110501610112018000000000012588756030100                         091000015921092762ISABELA DOMINICINI DE OLIVEIRA          00000000000000000000001800000000013                 
7560001300006U 090000000000000000000000000000000000000000000000000000000000000000000000000000000000000000000000000000000000000000000000001005201910052019    00000000000000000000000                       975669075600000000000000000000       
7560001300007T 0903010000000003381410001891267505016     100189126750501610112018000000000010615756030100                         091000014877073710AMANDA KEIKO HASHIMOTO                  00000000000000000000001800000000013                 
7560001300008U 090000000000000000000000000000000000000000000000000000000000000000000000000000000000000000000000000000000000000000000000001005201910052019    00000000000000000000000                       975669175600000000000000000000       
7560001300009T 0903010000000003381410001891268203016     100189126820301610112018000000000018440756030100                         091000015706665710LETICIA KELLY FREITAS LIMA              00000000000000000000001800000000013                 
7560001300010U 090000000000000000000000000000000000000000000000000000000000000000000000000000000000000000000000000000000000000000000000001005201910052019    00000000000000000000000                       975187675600000000000000000000       
7560001300011T 0903010000000003381410001891274702016     100189127470201610112018000000000017670756030100                         091000014967476740EVANDRO DE CAMPOS JUNIOR                00000000000000000000001800000000013                 
7560001300012U 090000000000000000000000000000000000000000000000000000000000000000000000000000000000000000000000000000000000000000000000001005201910052019    00000000000000000000000                       975669275600000000000000000000       
7560001300013T 0903010000000003381410001891275402016     100189127540201610112018000000000016744756030100                         091000003235651314JOSE FRANCISCO MONTEIRO LIMA            00000000000000000000001800000000013                 
7560001300014U 090000000000000000000000000000000000000000000000000000000000000000000000000000000000000000000000000000000000000000000000001005201910052019    00000000000000000000000                       975669375600000000000000000000       
7560001300015T 0903010000000003381410001891281901016     100189128190101610112018000000000010315756030100                         091000012586061780LUCAS DA SILVA OLIVEIRA                 00000000000000000000001800000000013                 
7560001300016U 090000000000000000000000000000000000000000000000000000000000000000000000000000000000000000000000000000000000000000000000001005201910052019    00000000000000000000000                       975669475600000000000000000000       
7560001300017T 0603010000000003381410001920046003016     100192004600301610052019000000000025915021001040                         091000016304062796FERNANDA MAGALHAES ABRANCHES BARCEL     00000000000000000000002700000000004                 
7560001300018U 060000000000000000000000000000000000000000000000000000000000000000000000259150000000000259150000000000000000000000000000000805201908052019    00000000000000000000000                       969860075600000000000000000000       
7560001300019T 0603010000000003381410001920330902016     100192033090201610052019000000000020315756032600                         091000014192460700JULIANA SARTORIO FORNAZIER              00000000000000000000002700000000004                 
7560001300020U 060000000000000000000000000000000000000000000000000000000000000000000000203150000000000203150000000000000000000000000000001005201910052019    00000000000000000000000                       973724875600000000000000000000       
7560001300021T 0603010000000003381410001920375002016     100192037500201615042019000000000012248001030840                         091000014707310702KATHELEN BASTOS DRUMOND                 00000000000000000000002700000000004                 
7560001300022U 060000000000013210000000000000000000000000000000000000000000000000000000135690000000000135690000000000000000000000000000000905201909052019    00000000000000000000000                       972200675600000000000000000000       
7560001300023T 0603010000000003381410001920407010016     100192040701001630042019000000000006815001058000                         091000017272233737KARLA BRAGA SERRA                       00000000000000000000002700000000004                 
7560001300024U 060000000000005440000000000000000000000000000000000000000000000000000000073590000000000073590000000000000000000000000000001005201910052019    00000000000000000000000                       972910675600000000000000000000       
7560001300025T 0603010000000003381410001920435711016     100192043571101630042019000000000005732104005550                         091000013896589709TIARA COMINOTE PANDOLFI                 00000000000000000000002700000000004                 
7560001300026U 060000000000004570000000000000000000000000000000000000000000000000000000061890000000000061890000000000000000000000000000001005201910052019    00000000000000000000000                       972669675600000000000000000000       
7560001300027T 0603010000000003381410001920448203016     100192044820301620052019000000000008649104016430                         091000013413482700ERICK NASCIMENTO ALMEIDA                00000000000000000000002700000000004                 
7560001300028U 060000000000000000000000000000000000000000000000000000000000000000000000086490000000000086490000000000000000000000000000000605201906052019    00000000000000000000000                       964725275600000000000000000000       
7560001300029T 0603010000000003381410001920500101016     100192050010101610052019000000000008815237015450                         091000013315458707PAMELA CRISTINA COSTA HONOFRE           00000000000000000000002700000000004                 
7560001300030U 060000000000000000000000000000000000000000000000000000000000000000000000088150000000000088150000000000000000000000000000001005201910052019    00000000000000000000000                       973090275600000000000000000000       
7560001300031T 0603010000000003381410001920505801016     100192050580101610052019000000000013260021000120                         091000009707997729CARMELITA GONÇALVES PENA LOPES          00000000000000000000002700000000004                 
7560001300032U 060000000000000000000000000000000000000000000000000000000000000000000000132600000000000132600000000000000000000000000000001005201910052019    00000000000000000000000                       974303975600000000000000000000       
7560001300033T 0603010000000003381410001920506501016     100192050650101630042019000000000010025021000120                         091000014186514780FRANCISLAINE LEPAUS DE OLIVEIRA         00000000000000000000002700000000004                 
7560001300034U 060000000000007810000000000000000000000000000000000000000000000000000000108060000000000108060000000000000000000000000000000905201909052019    00000000000000000000000                       972579575600000000000000000000       
7560001300035T 0603010000000003381410001920513701016     100192051370101630042019000000000010025033007880                         091000015170914709RENAN GUILHERME SOARES                  00000000000000000000002700000000004                 
7560001300036U 060000000000007410000000000000000000000000000000000000000000000000000000107660000000000107660000000000000000000000000000000705201907052019    00000000000000000000000                       968271675600000000000000000000       
7560001300037T 0603010000000003381410001920515114016     100192051511401610052019000000000012101756030070                         091000014217365780BRUNA VIANNA GONCALVES                  00000000000000000000002700000000004                 
7560001300038U 060000000000000000000000000000000000000000000000000000000000000000000000121010000000000121010000000000000000000000000000000605201906052019    00000000000000000000000                       967367375600000000000000000000       
7560001300039T 0603010000000003381410001920516914016     100192051691401610052019000000000011315104001670                         091000011114402710JESSICA ALVES DUTRA                     00000000000000000000002700000000004                 
7560001300040U 060000000000000000000000000000000000000000000000000000000000000000000000113150000000000113150000000000000000000000000000000805201908052019    00000000000000000000000                       970006875600000000000000000000       
7560001300041T 0603010000000003381410001920518307016     100192051830701610052019000000000008886104025210                         091000008948477676MICHELLE CHRISTIANE FERREIRA DA CRUZ    00000000000000000000002700000000004                 
7560001300042U 060000000000000000000000000000000000000000000000000000000000000000000000088860000000000088860000000000000000000000000000000605201906052019    00000000000000000000000                       965972975600000000000000000000       
7560001300043T 0603010000000003381410001920519007016     100192051900701610052019000000000013315104020990                         091000012086599790ARTHUR CAIRES DE SOUZA PEREIRA          00000000000000000000002700000000004                 
7560001300044U 060000000000000000000000000000000000000000000000000000000000000000000000133150000000000133150000000000000000000000000000000605201906052019    00000000000000000000000                       967466175600000000000000000000       
7560001300045T 0603010000000003381410001920520905016     100192052090501610052019000000000016215001009240                         091000017225613782EDLENE AZEREDO DA SILVA                 00000000000000000000002700000000004                 
7560001300046U 060000000000000000000000000000000000000000000000000000000000000000000000162150000000000162150000000000000000000000000000001005201910052019    00000000000000000000000                       974196075600000000000000000000       
7560001300047T 0603010000000003381410001920521607016     100192052160701610052019000000000008265021002080                         091000016646450714RODRIGO YASCHI LAURETT SCHOPF CASSEMIRO 00000000000000000000002700000000004                 
7560001300048U 060000000000000000000000000000000000000000000000000000000000000000000000082650000000000082650000000000000000000000000000001005201910052019    00000000000000000000000                       975247475600000000000000000000       
7560001300049T 0603010000000003381410001920529403016     100192052940301610052019000000000012315021006090                         091000014805909757KAROLINA CURTO ZAMILUTE                 00000000000000000000002700000000004                 
7560001300050U 060000000000000000000000000000000000000000000000000000000000000000000000123150000000000123150000000000000000000000000000000705201907052019    00000000000000000000000                       968275575600000000000000000000       
7560001300051T 0603010000000003381410001920531002016     100192053100201610052019000000000030315001056100                         091000012886758795BRENDA GOES BASTOS                      00000000000000000000002700000000004                 
7560001300052U 060000000000000000000000000000000000000000000000000000000000000000000000303150000000000303150000000000000000000000000000001005201910052019    00000000000000000000000                       972922775600000000000000000000       
7560001300053T 0603010000000003381410001920532702016     100192053270201610052019000000000015315021001840                         091000012580834770POLIANA CARLA FERREIRA BARBOSA          00000000000000000000002700000000004                 
7560001300054U 060000000000000000000000000000000000000000000000000000000000000000000000153150000000000153150000000000000000000000000000000605201906052019    00000000000000000000000                       966882375600000000000000000000       
7560001300055T 0603010000000003381410001920536601016     100192053660101610052019000000000012815341092880                         091000013536156770JESSIKA DE OLIVEIRA LEAL                00000000000000000000002700000000004                 
7560001300056U 060000000000000000000000000000000000000000000000000000000000000000000000128150000000000128150000000000000000000000000000000905201909052019    00000000000000000000000                       972292875600000000000000000000       
7560001300057T 0603010000000003381410001920538002016     100192053800201610052019000000000011105001047330                         091000014936525758ISABELLA MARTINS GARDINI MACEDO         00000000000000000000002700000000004                 
7560001300058U 060000000000000000000000000000000000000000000000000000000000000000000000111050000000000111050000000000000000000000000000001005201910052019    00000000000000000000000                       975247575600000000000000000000       
7560001300059T 0603010000000003381410001920540602016     100192054060201610052019000000000011105001018020                         091000009431382725ROBERTA ABREU SILVA MARQUES RODRIGUES   00000000000000000000002700000000004                 
7560001300060U 060000000000000000000000000000000000000000000000000000000000000000000000111050000000000111050000000000000000000000000000001005201910052019    00000000000000000000000                       975247675600000000000000000000       
7560001300061T 0603010000000003381410001920541302016     100192054130201610052019000000000010025104006620                         091000094708096704ROSEMERE DOS SANTOS ROCHA CHAGAS        00000000000000000000002700000000004                 
7560001300062U 060000000000000000000000000000000000000000000000000000000000000000000000100250000000000100250000000000000000000000000000001005201910052019    00000000000000000000000                       974196175600000000000000000000       
7560001300063T 0603010000000003381410001920545205016     100192054520501615052019000000000007115021002050                         091000015491985724CARLA CAROLINE DARIVA FARIA             00000000000000000000002700000000004                 
7560001300064U 060000000000000000000000000000000000000000000000000000000000000000000000071150000000000071150000000000000000000000000000000905201909052019    00000000000000000000000                       972292975600000000000000000000       
7560001300065T 0603010000000003381410001920571402016     100192057140201625052019000000000015315104019630                         091000015643299763DANIELI DIAS DE ANDRADE                 00000000000000000000002700000000004                 
7560001300066U 060000000000000000000000000000000000000000000000000000000000000000000000153150000000000153150000000000000000000000000000001005201910052019    00000000000000000000000                       972922875600000000000000000000       
7560001300067T 0603010000000003381410001920633601016     100192063360101610052019000000000009482021000590                         091000015445588726EVELLIN HELENA BRANDAO DE OLIVEIRA      00000000000000000000002700000000004                 
7560001300068U 060000000000000000000000000000000000000000000000000000000000000000000000094820000000000094820000000000000000000000000000001005201910052019    00000000000000000000000                       974732675600000000000000000000       
7560001300069T 0603010000000003381410001920637501016     100192063750101610052019000000000026440021000360                         091000012939364729FILLIPE LESSA GOMES                     00000000000000000000002700000000004                 
7560001300070U 060000000000000000000000000000000000000000000000000000000000000000000000264400000000000264400000000000000000000000000000000705201907052019    00000000000000000000000                       969603775600000000000000000000       
7560001300071T 0603010000000003381410001920638201016     100192063820101610052019000000000026440021000360                         091000016298127739LAINY NICOLI ALMEIDA GADIOLI            00000000000000000000002700000000004                 
7560001300072U 060000000000000000000000000000000000000000000000000000000000000000000000264400000000000264400000000000000000000000000000000705201907052019    00000000000000000000000                       969603875600000000000000000000       
7560001300073T 0603010000000003381410001920639001016     100192063900101610052019000000000025315021002360                         091000015740249732LETICIA GOBI HACKBART DE SOUZA          00000000000000000000002700000000004                 
7560001300074U 060000000000000000000000000000000000000000000000000000000000000000000000253150000000000253150000000000000000000000000000000605201906052019    00000000000000000000000                       964965275600000000000000000000       
7560001300075T 0603010000000003381410001920640801016     100192064080101610052019000000000027815104023100                         091000012555830707RAYANE WILL MEIRELES                    00000000000000000000002700000000004                 
7560001300076U 060000000000000000000000000000000000000000000000000000000000000000000000278150000000000278150000000000000000000000000000001005201910052019    00000000000000000000000                       974821775600000000000000000000       
7560001300077T 0603010000000003381410001920643001016     100192064300101625052019000000000030315756030070                         091000013298588750GUTIERRES VEZZONI TURETTA               00000000000000000000002700000000004                 
7560001300078U 060000000000000000000000000000000000000000000000000000000000000000000000303150000000000303150000000000000000000000000000000905201909052019    00000000000000000000000                       971799775600000000000000000000       
75600015         00008000003900000000000577312000000000000000000000000000000000000000000000000000000000000000000000                                                                                                                             
75699999         000001000082000000                                                                                                                                                                                                             
