75600000         227180617000192                    03010000000005296210CONECTA ASSESSORIA CONTABIL EISICOOB                                  21308202112074800045808500000                                                                     
75600011T01  043 2027180617000192          301000000603010000000005296210CONECTA ASSESSORIA CONTABIL EI                                                                                000000001308202100000000                                 
7560001300001T 0903010000000005296210002100003101016     100210000310101610022021000000000088000756030100                         091000037975439720ISMAEL BARBOSA XIMENES                  00000000000000000000001200000000013                 
7560001300002U 090000000000000000000000000000000000000000000000000000000000000000000000000000000000000000000000000000000000000000000000001008202100000000    00000000000000000000000                      2082357875600000000000000000000       
7560001300003T 0903010000000005296210002100016701016     100210001670101610022021000000000078500756030100                         091000072686987715EVANIA OLIVEIRA                         00000000000000000000001200000000013                 
7560001300004U 090000000000000000000000000000000000000000000000000000000000000000000000000000000000000000000000000000000000000000000000001008202100000000    00000000000000000000000                      2082357975600000000000000000000       
7560001300005T 0903010000000005296210002100018101016     100210001810101610022021000000000042500756030100                         091000007139434751MARCELLE NEVES                          00000000000000000000001200000000013                 
7560001300006U 090000000000000000000000000000000000000000000000000000000000000000000000000000000000000000000000000000000000000000000000001008202100000000    00000000000000000000000                      2082358075600000000000000000000       
7560001300007T 0903010000000005296210002100025301016     100210002530101610022021000000000071500756030100                         092020601741000135DISTRIBUIDORA MARIANNE LTDA             00000000000000000000001200000000013                 
7560001300008U 090000000000000000000000000000000000000000000000000000000000000000000000000000000000000000000000000000000000000000000000001008202100000000    00000000000000000000000                      2082358175600000000000000000000       
7560001300009T 0903010000000005296210002100034001016     100210003400101610022021000000000097500756030100                         092021595778000160D. S. TELAROLI                          00000000000000000000001200000000013                 
7560001300010U 090000000000000000000000000000000000000000000000000000000000000000000000000000000000000000000000000000000000000000000000001008202100000000    00000000000000000000000                      2082358275600000000000000000000       
7560001300011T 0903010000000005296210002100036401016     100210003640101610022021000000000066500756030100                         091000047061103787CARLOS AUGUSTO DE ARAUJO TAVARES        00000000000000000000001200000000013                 
7560001300012U 090000000000000000000000000000000000000000000000000000000000000000000000000000000000000000000000000000000000000000000000001008202100000000    00000000000000000000000                      2082358375600000000000000000000       
7560001300013T 0903010000000005296210002100041101016     100210004110101610022021000000000041000756030100                         091000011414414706FELIPE MARQUES DE AGUIAR OLIVEIRA       00000000000000000000001200000000013                 
7560001300014U 090000000000000000000000000000000000000000000000000000000000000000000000000000000000000000000000000000000000000000000000001008202100000000    00000000000000000000000                      2082358475600000000000000000000       
7560001300015T 0903010000000005296210002100043601016     100210004360101610022021000000000075000756030100                         091000088207862653LEILA RIBEIRO REZENDE                   00000000000000000000001200000000013                 
7560001300016U 090000000000000000000000000000000000000000000000000000000000000000000000000000000000000000000000000000000000000000000000001008202100000000    00000000000000000000000                      2082358575600000000000000000000       
7560001300017T 0903010000000005296210002100055401016     100210005540101610022021000000000084500756030100                         092020605898000139ANA ROLDI COMERCIO DE VESTUARIO LTDA    00000000000000000000001200000000013                 
7560001300018U 090000000000000000000000000000000000000000000000000000000000000000000000000000000000000000000000000000000000000000000000001008202100000000    00000000000000000000000                      2082358675600000000000000000000       
7560001300019T 0903010000000005296210002100057901016     100210005790101610022021000000000110000756030100                         092015792451000186PROVIDA SAUDE E ASSISTENCIA LTDA        00000000000000000000001200000000013                 
7560001300020U 090000000000000000000000000000000000000000000000000000000000000000000000000000000000000000000000000000000000000000000000001008202100000000    00000000000000000000000                      2082358775600000000000000000000       
7560001300021T 0903010000000005296210002100058601016     100210005860101610022021000000000085000756030100                         091000008417095640ELISA VANETTI TEIXEIRA                  00000000000000000000001200000000013                 
7560001300022U 090000000000000000000000000000000000000000000000000000000000000000000000000000000000000000000000000000000000000000000000001008202100000000    00000000000000000000000                      2082358875600000000000000000000       
7560001300023T 0903010000000005296210002100061901016     100210006190101610022021000000000031500756030100                         091000010336085729GIOVANNA REZENDE DEGLI ESPOSTI          00000000000000000000001200000000013                 
7560001300024U 090000000000000000000000000000000000000000000000000000000000000000000000000000000000000000000000000000000000000000000000001008202100000000    00000000000000000000000                      2082358975600000000000000000000       
7560001300025T 0903010000000005296210002100066501016     100210006650101610022021000000000080000756030100                         091000013769352793RAYANE MAGNOL DA SILVA                  00000000000000000000001200000000013                 
7560001300026U 090000000000000000000000000000000000000000000000000000000000000000000000000000000000000000000000000000000000000000000000001008202100000000    00000000000000000000000                      2082359075600000000000000000000       
7560001300027T 0903010000000005296210002100090201016     100210009020101610022021000000000055000756030100                         091000012440617784VINICIUS LEOPOLDINO DIAS                00000000000000000000001200000000013                 
7560001300028U 090000000000000000000000000000000000000000000000000000000000000000000000000000000000000000000000000000000000000000000000001008202100000000    00000000000000000000000                      2082359175600000000000000000000       
7560001300029T 0603010000000005296210002100579001016     100210057900101610082021000000000084500021006320                         092020605898000139ANA ROLDI COMERCIO DE VESTUARIO LTDA    00000000000000000000001800000000004                 
7560001300030U 060000000000000000000000000000000000000000000000000000000000000000000000845000000000000845000000000000000000000000000000001008202111082021    00000000000000000000000                      2082713775600000000000000000000       
7560001300031T 0603010000000005296210002100581501016     100210058150101610082021000000000069500021000490                         092026427874000113ANNE & EDUARDO MATERIAL DE CONSTRUÇÃO LT00000000000000000000001800000000004                 
7560001300032U 060000000000000000000000000000000000000000000000000000000000000000000000695000000000000695000000000000000000000000000000001008202111082021    00000000000000000000000                      2080553975600000000000000000000       
7560001300033T 0603010000000005296210002100587901016     100210058790101610082021000000000075000237012000                         091000009894692710CAROLINA COSER GOMES                    00000000000000000000001800000000004                 
7560001300034U 060000000000000000000000000000000000000000000000000000000000000000000000750000000000000750000000000000000000000000000000001008202111082021    00000000000000000000000                      2080119675600000000000000000000       
7560001300035T 0603010000000005296210002100588601016     100210058860101610082021000000000079000237015730                         091000005506203705CAROLINE WEINERT MARÇAL                 00000000000000000000001800000000004                 
7560001300036U 060000000000000000000000000000000000000000000000000000000000000000000000790000000000000790000000000000000000000000000000001008202111082021    00000000000000000000000                      2080322175600000000000000000000       
7560001300037T 0603010000000005296210002100590101016     100210059010101610082021000000000110000001018020                         092003212423000163CESAR APARECIDO BIDOIA                  00000000000000000000001800000000004                 
7560001300038U 060000000000000000000000000000000000000000000000000000000000000000000001100000000000001100000000000000000000000000000000001008202111082021    00000000000000000000000                      2080262075600000000000000000000       
7560001300039T 0603010000000005296210002100592601016     100210059260101610082021000000000070000033047510                         092011938703000181CLINICA ODONTOLOGICA SORRISO PRIMER LTDA00000000000000000000001800000000004                 
7560001300040U 060000000000000000000000000000000000000000000000000000000000000000000000700000000000000700000000000000000000000000000000001008202111082021    00000000000000000000000                      2080554075600000000000000000000       
7560001300041T 0603010000000005296210002100594001016     100210059400101610082021000000000026500104015640                         092038597764000189CRISTIANE IMPERIAL LTDA                 00000000000000000000001800000000004                 
7560001300042U 060000000000000000000000000000000000000000000000000000000000000000000000265000000000000265000000000000000000000000000000001008202111082021    00000000000000000000000                      2080262175600000000000000000000       
7560001300043T 0603010000000005296210002100596501016     100210059650101610082021000000000077500756030100                         092021595778000160D. S. TELAROLI                          00000000000000000000001800000000002                 
7560001300044U 060000000000000000000000000000000000000000000000000000000000000000000000775000000000000775000000000000000000000000000000001008202111082021    00000000000000000000000                      2079877575600000000000000000000       
7560001300045T 0603010000000005296210002100597201016     100210059720101610082021000000000120000237014460                         091000008338330736DANNILLA RODRIGUES                      00000000000000000000001800000000004                 
7560001300046U 060000000000000000000000000000000000000000000000000000000000000000000001200000000000001200000000000000000000000000000000001008202111082021    00000000000000000000000                      2079877675600000000000000000000       
7560001300047T 0603010000000005296210002100600001016     100210060000101610082021000000000038500237012000                         091000094989524772DENISE DE OLIVEIRA FREITAS              00000000000000000000001800000000004                 
7560001300048U 060000000000000000000000000000000000000000000000000000000000000000000000385000000000000385000000000000000000000000000000001008202111082021    00000000000000000000000                      2080119775600000000000000000000       
7560001300049T 0603010000000005296210002100601801016     100210060180101610082021000000000071500756030100                         092020601741000135DISTRIBUIDORA MARIANNE LTDA             00000000000000000000001800000000002                 
7560001300050U 060000000000000000000000000000000000000000000000000000000000000000000000715000000000000715000000000000000000000000000000001008202111082021    00000000000000000000000                      2079877775600000000000000000000       
7560001300051T 0603010000000005296210002100606401016     100210060640101610082021000000000041000341088910                         091000011414414706FELIPE MARQUES DE AGUIAR OLIVEIRA       00000000000000000000001800000000004                 
7560001300052U 060000000000000000000000000000000000000000000000000000000000000000000000410000000000000410000000000000000000000000000000001008202111082021    00000000000000000000000                      2082575675600000000000000000000       
7560001300053T 0603010000000005296210002100607101016     100210060710101610082021000000000020000197000010                         091000006703008612FERNANDA LUCIA DE MAGALHAES ALVES DE ARA00000000000000000000001800000000004                 
7560001300054U 060000000000000000000000000000000000000000000000000000000000000000000000200000000000000200000000000000000000000000000000000908202110082021    00000000000000000000000                      2078535875600000000000000000000       
7560001300055T 0603010000000005296210002100610401016     100210061040101615082021000000000040000033009300                         091000014788736713FERNANDA REZENDE MAZA                   00000000000000000000001800000000004                 
7560001300056U 060000000000000000000000000000000000000000000000000000000000000000000000400000000000000400000000000000000000000000000000001108202112082021    00000000000000000000000                      2085275175600000000000000000000       
7560001300057T 0603010000000005296210002100612901016     100210061290101610082021000000000048000104015640                         091000007196278771FRANCISCO POLDI JUNIOR                  00000000000000000000001800000000004                 
7560001300058U 060000000000000000000000000000000000000000000000000000000000000000000000480000000000000480000000000000000000000000000000000908202110082021    00000000000000000000000                      2078535975600000000000000000000       
7560001300059T 0603010000000005296210002100613601016     100210061360101610082021000000000059500756021060                         091000013203179792GABRIELA TONON DA COSTA DONDONE         00000000000000000000001800000000004                 
7560001300060U 060000000000000000000000000000000000000000000000000000000000000000000000595000000000000595000000000000000000000000000000001008202111082021    00000000000000000000000                      2080554175600000000000000000000       
7560001300061T 0603010000000005296210002100617501016     100210061750101610082021000000000017500756030010                         092031533993000190INSTITUTO BERTHOLDI BASTOS DE ENSINO LTD00000000000000000000001800000000004                 
7560001300062U 060000000000000000000000000000000000000000000000000000000000000000000000175000000000000175000000000000000000000000000000000908202110082021    00000000000000000000000                      2078631775600000000000000000000       
7560001300063T 0603010000000005296210002100619001016     100210061900101610082021000000000020000197000010                         091000004628106665IVAN ALVES DE ARAUJO                    00000000000000000000001800000000004                 
7560001300064U 060000000000000000000000000000000000000000000000000000000000000000000000200000000000000200000000000000000000000000000000000908202110082021    00000000000000000000000                      2076928875600000000000000000000       
7560001300065T 0603010000000005296210002100621501016     100210062150101610082021000000000066500104001680                         091000084348216720JOANA D´ARC GRILLO                      00000000000000000000001800000000004                 
7560001300066U 060000000000000000000000000000000000000000000000000000000000000000000000665000000000000665000000000000000000000000000000001008202111082021    00000000000000000000000                      2080322275600000000000000000000       
7560001300067T 0603010000000005296210002100622201016     100210062220101610082021000000000075000001000830                         091000015024321707JOAO VITOR RODRIGUES MUZZY              00000000000000000000001800000000004                 
7560001300068U 060000000000000000000000000000000000000000000000000000000000000000000000750000000000000750000000000000000000000000000000001008202111082021    00000000000000000000000                      2079877875600000000000000000000       
7560001300069T 0603010000000005296210002100623001016     100210062300101610082021000000000038500001018020                         091000096801069772JOSÉ CARLOS BARRETO JUNIOR              00000000000000000000001800000000004                 
7560001300070U 060000000000000000000000000000000000000000000000000000000000000000000000385000000000000385000000000000000000000000000000001008202111082021    00000000000000000000000                      2080262275600000000000000000000       
7560001300071T 0603010000000005296210002100624701016     100210062470101610082021000000000100000341007010                         091000000537062777JOSEMIR TRABACH STEIN                   00000000000000000000001800000000004                 
7560001300072U 060000000000050000000000000000000000000000000000000000000000000000000001050000000000001050000000000000000000000000000000001208202113082021    00000000000000000000000                      2086479775600000000000000000000       
7560001300073T 0603010000000005296210002100625401016     100210062540101610082021000000000079000341096040                         091000087817349720JUAREZ FRANCISCO GOMES DE ANDRADE       00000000000000000000001800000000004                 
7560001300074U 060000000000000000000000000000000000000000000000000000000000000000000000790000000000000790000000000000000000000000000000000908202110082021    00000000000000000000000                      2077380375600000000000000000000       
7560001300075T 0603010000000005296210002100629301016     100210062930101610082021000000000826500001012400                         092027414515000194LABORATORIO PAIVA & LABORTEL LTDA       00000000000000000000001800000000004                 
7560001300076U 060000000000000000000000000000000000000000000000000000000000000000000008265000000000008265000000000000000000000000000000001008202111082021    00000000000000000000000                      2082597375600000000000000000000       
7560001300077T 0603010000000005296210002100631901016     100210063190101610082021000000000083500001018020                         091000000823421724LETICIA LEAL REIS MORELLO               00000000000000000000001800000000004                 
7560001300078U 060000000000000000000000000000000000000000000000000000000000000000000000835000000000000835000000000000000000000000000000001008202111082021    00000000000000000000000                      2080262375600000000000000000000       
7560001300079T 0603010000000005296210002100632601016     100210063260101610082021000000000066500136056110                         091000028820297809LUCIANA LIMBA DA FONSECA                00000000000000000000001800000000004                 
7560001300080U 060000000000000000000000000000000000000000000000000000000000000000000000665000000000000665000000000000000000000000000000000908202110082021    00000000000000000000000                      2076869475600000000000000000000       
7560001300081T 0603010000000005296210002100633301016     100210063330101610082021000000000071500341096040                         091000011889954721LUIZ FELLIPE FAVORETO                   00000000000000000000001800000000004                 
7560001300082U 060000000000000000000000000000000000000000000000000000000000000000000000715000000000000715000000000000000000000000000000001008202111082021    00000000000000000000000                      2080322375600000000000000000000       
7560001300083T 0603010000000005296210002100637201016     100210063720101610082021000000000089000001047260                         091000048546968691MARCIA CARAN MIRANDA                    00000000000000000000001800000000004                 
7560001300084U 060000000000000000000000000000000000000000000000000000000000000000000000890000000000000890000000000000000000000000000000001008202111082021    00000000000000000000000                      2080554275600000000000000000000       
7560001300085T 0603010000000005296210002100642001016     100210064200101610082021000000000133500033043160                         091000032781687715MARIA OLIETE PERINI GUERRA              00000000000000000000001800000000004                 
7560001300086U 060000000000000000000000000000000000000000000000000000000000000000000001335000000000001335000000000000000000000000000000001008202111082021    00000000000000000000000                      2080325175600000000000000000000       
7560001300087T 0603010000000005296210002100643701016     100210064370101610082021000000000061000237026120                         091000008826665761MARIELLA OLIVEIRA DE ALMEIDA            00000000000000000000001800000000004                 
7560001300088U 060000000000000000000000000000000000000000000000000000000000000000000000610000000000000610000000000000000000000000000000001008202111082021    00000000000000000000000                      2080132275600000000000000000000       
7560001300089T 0603010000000005296210002100644401016     100210064440101610082021000000000006500001018020                         092022848251000163ANDREZA AGUIAR - MEI                    00000000000000000000001800000000004                 
7560001300090U 060000000000000000000000000000000000000000000000000000000000000000000000065000000000000065000000000000000000000000000000001008202111082021    00000000000000000000000                      2080262475600000000000000000000       
7560001300091T 0603010000000005296210002100645101016     100210064510101610082021000000000006500001018020                         092019601522000177ANTANAILDA FILHO GOMES - MEI            00000000000000000000001800000000004                 
7560001300092U 060000000000000000000000000000000000000000000000000000000000000000000000065000000000000065000000000000000000000000000000001008202111082021    00000000000000000000000                      2080262575600000000000000000000       
7560001300093T 0603010000000005296210002100646901016     100210064690101610082021000000000006500001018020                         092029857742000110CORINA BORGES DE SOUZA BARBOSA - MEI    00000000000000000000001800000000004                 
7560001300094U 060000000000000000000000000000000000000000000000000000000000000000000000065000000000000065000000000000000000000000000000001008202111082021    00000000000000000000000                      2080262675600000000000000000000       
7560001300095T 0603010000000005296210002100647601016     100210064760101610082021000000000006500001018020                         092028907002000188ELIANE DE OLIVEIRA AMON - MEI           00000000000000000000001800000000004                 
7560001300096U 060000000000000000000000000000000000000000000000000000000000000000000000065000000000000065000000000000000000000000000000001008202111082021    00000000000000000000000                      2080262775600000000000000000000       
7560001300097T 0603010000000005296210002100648301016     100210064830101610082021000000000006500001018020                         092030052650000141MARLENE DA SILVA - MEI                  00000000000000000000001800000000004                 
7560001300098U 060000000000000000000000000000000000000000000000000000000000000000000000065000000000000065000000000000000000000000000000001008202111082021    00000000000000000000000                      2080262875600000000000000000000       
7560001300099T 0603010000000005296210002100649001016     100210064900101610082021000000000006500001018020                         092027843537000170RICARDO DE GRIFF MARCINCOWSKI - MEI     00000000000000000000001800000000004                 
7560001300100U 060000000000000000000000000000000000000000000000000000000000000000000000065000000000000065000000000000000000000000000000001008202111082021    00000000000000000000000                      2080262975600000000000000000000       
7560001300101T 0603010000000005296210002100653001016     100210065300101610082021000000000075000756015950                         092036153680000120J.G.M LEONARDO - ODONTO POMMER          00000000000000000000001800000000004                 
7560001300102U 060000000000000000000000000000000000000000000000000000000000000000000000750000000000000750000000000000000000000000000000000908202110082021    00000000000000000000000                      2076600375600000000000000000000       
7560001300103T 0603010000000005296210002100655501016     100210065550101610082021000000000081000756030100                         091000005481450755PATRICIA MORAES BOF                     00000000000000000000001800000000002                 
7560001300104U 060000000000000000000000000000000000000000000000000000000000000000000000810000000000000810000000000000000000000000000000001008202111082021    00000000000000000000000                      2079877975600000000000000000000       
7560001300105T 0603010000000005296210002100660201016     100210066020101610082021000000000148000756030010                         091000009085921759RICARDO BERTHOLDI                       00000000000000000000001800000000004                 
7560001300106U 060000000000000000000000000000000000000000000000000000000000000000000001480000000000001480000000000000000000000000000000000908202110082021    00000000000000000000000                      2078631875600000000000000000000       
7560001300107T 0603010000000005296210002100661001016     100210066100101610082021000000000042000001013010                         091000007583728762RICARDO COSTA SIMOES                    00000000000000000000001800000000004                 
7560001300108U 060000000000000000000000000000000000000000000000000000000000000000000000420000000000000420000000000000000000000000000000001008202111082021    00000000000000000000000                      2079878075600000000000000000000       
7560001300109T 0603010000000005296210002100663401016     100210066340101610082021000000000043500756010520                         091000014915026736ROCK NILSON DA SILVA JUNIOR             00000000000000000000001800000000004                 
7560001300110U 060000000000000000000000000000000000000000000000000000000000000000000000435000000000000435000000000000000000000000000000001008202111082021    00000000000000000000000                      2082597475600000000000000000000       
7560001300111T 0603010000000005296210002100664101016     100210066410101610082021000000000030000756010520                         091000014915026736ROCK NILSON DA SILVA JUNIOR             00000000000000000000001800000000004                 
7560001300112U 060000000000000000000000000000000000000000000000000000000000000000000000300000000000000300000000000000000000000000000000000908202110082021    00000000000000000000000                      2077380475600000000000000000000       
7560001300113T 0603010000000005296210002100666601016     100210066660101610082021000000000092000341083140                         091000011023652706RONY SCARDUA GARCIA                     00000000000000000000001800000000004                 
7560001300114U 060000000000000000000000000000000000000000000000000000000000000000000000920000000000000920000000000000000000000000000000000908202110082021    00000000000000000000000                      2078631975600000000000000000000       
7560001300115T 0603010000000005296210002100668001016     100210066800101610082021000000000084500021006320                         092008049681000194V.L.ROLDI VESTUARIO                     00000000000000000000001800000000004                 
7560001300116U 060000000000000000000000000000000000000000000000000000000000000000000000845000000000000845000000000000000000000000000000001008202111082021    00000000000000000000000                      2082713875600000000000000000000       
7560001300117T 0603010000000005296210002100670601016     100210067060101610082021000000000055000756030100                         092037583750000143AB CONSULTORIA E MARKETING LTDA         00000000000000000000001800000000002                 
7560001300118U 060000000000000000000000000000000000000000000000000000000000000000000000550000000000000550000000000000000000000000000000001008202111082021    00000000000000000000000                      2083875375600000000000000000000       
7560001300119T 0603010000000005296210002100672001016     100210067200101610082021000000000078500104025030                         091000072686987715EVANIA OLIVEIRA                         00000000000000000000001800000000004                 
7560001300120U 060000000000000000000000000000000000000000000000000000000000000000000000785000000000000785000000000000000000000000000000001008202111082021    00000000000000000000000                      2082530575600000000000000000000       
7560001300121T 1103010000000005296210002100575001016     100210057500101610082021000000000055000756030100                         091000012440617784VINICIUS LEOPOLDINO DIAS                00000000000000000000000000000000000                 
7560001300122U 110000000000000000000000000000000000000000000000000000000000000000000000000000000000000000000000000000000000000000000000001308202100000000    00000000000000000000000                              75600000000000000000000       
7560001300123T 1103010000000005296210002100576801016     100210057680101610082021000000000200000756030100                         091000010484015702ALLAN FELIPE                            00000000000000000000000000000000000                 
7560001300124U 110000000000000000000000000000000000000000000000000000000000000000000000000000000000000000000000000000000000000000000000001308202100000000    00000000000000000000000                              75600000000000000000000       
7560001300125T 1103010000000005296210002100577501016     100210057750101610082021000000000021000756030100                         092034005754000156ALYSSON SILVA DE PADOA                  00000000000000000000000000000000000                 
7560001300126U 110000000000000000000000000000000000000000000000000000000000000000000000000000000000000000000000000000000000000000000000001308202100000000    00000000000000000000000                              75600000000000000000000       
7560001300127T 1103010000000005296210002100585401016     100210058540101610082021000000000066500756030100                         091000047061103787CARLOS AUGUSTO DE ARAUJO TAVARES        00000000000000000000000000000000000                 
7560001300128U 110000000000000000000000000000000000000000000000000000000000000000000000000000000000000000000000000000000000000000000000001308202100000000    00000000000000000000000                              75600000000000000000000       
7560001300129T 1103010000000005296210002100595801016     100210059580101610082021000000000048000756030100                         091000007400076701CRISTIANE VASCONCELLOS CASPAR NOBRE     00000000000000000000000000000000000                 
7560001300130U 110000000000000000000000000000000000000000000000000000000000000000000000000000000000000000000000000000000000000000000000001308202100000000    00000000000000000000000                              75600000000000000000000       
7560001300131T 1103010000000005296210002100602501016     100210060250101610082021000000000085000756030100                         091000008417095640ELISA VANETTI TEIXEIRA                  00000000000000000000000000000000000                 
7560001300132U 110000000000000000000000000000000000000000000000000000000000000000000000000000000000000000000000000000000000000000000000001308202100000000    00000000000000000000000                              75600000000000000000000       
7560001300133T 1103010000000005296210002100605701016     100210060570101610082021000000000081800756030100                         091000012763081754FELIPE DE SOUZA CAETANO                 00000000000000000000000000000000000                 
7560001300134U 110000000000000000000000000000000000000000000000000000000000000000000000000000000000000000000000000000000000000000000000001308202100000000    00000000000000000000000                              75600000000000000000000       
7560001300135T 1103010000000005296210002100615001016     100210061500101610082021000000000031500756030100                         091000010336085729GIOVANNA REZENDE DEGLI ESPOSTI          00000000000000000000000000000000000                 
7560001300136U 110000000000000000000000000000000000000000000000000000000000000000000000000000000000000000000000000000000000000000000000001308202100000000    00000000000000000000000                              75600000000000000000000       
7560001300137T 1103010000000005296210002100616801016     100210061680101610082021000000000035000756030100                         091000014937795759INGRID MARTINS RIBEIRO                  00000000000000000000000000000000000                 
7560001300138U 110000000000000000000000000000000000000000000000000000000000000000000000000000000000000000000000000000000000000000000000001308202100000000    00000000000000000000000                              75600000000000000000000       
7560001300139T 1103010000000005296210002100618201016     100210061820101610082021000000000088000756030100                         091000037975439720ISMAEL BARBOSA XIMENES                  00000000000000000000000000000000000                 
7560001300140U 110000000000000000000000000000000000000000000000000000000000000000000000000000000000000000000000000000000000000000000000001308202100000000    00000000000000000000000                              75600000000000000000000       
7560001300141T 1103010000000005296210002100620801016     100210062080101610082021000000000016000756030100                         092018568815000137J&S SERVICOS DE ASSESSORIA E NEGOCIOS LT00000000000000000000000000000000000                 
7560001300142U 110000000000000000000000000000000000000000000000000000000000000000000000000000000000000000000000000000000000000000000000001308202100000000    00000000000000000000000                              75600000000000000000000       
7560001300143T 1103010000000005296210002100630101016     100210063010101610082021000000000075000756030100                         091000088207862653LEILA RIBEIRO REZENDE                   00000000000000000000000000000000000                 
7560001300144U 110000000000000000000000000000000000000000000000000000000000000000000000000000000000000000000000000000000000000000000000001308202100000000    00000000000000000000000                              75600000000000000000000       
7560001300145T 1103010000000005296210002100635801016     100210063580101610082021000000000042500756030100                         091000007139434751MARCELLE NEVES                          00000000000000000000000000000000000                 
7560001300146U 110000000000000000000000000000000000000000000000000000000000000000000000000000000000000000000000000000000000000000000000001308202100000000    00000000000000000000000                              75600000000000000000000       
7560001300147T 1103010000000005296210002100638001016     100210063800101610082021000000000050000756030100                         091000007901397748MARCIO PINHEIRO NASCIMENTO              00000000000000000000000000000000000                 
7560001300148U 110000000000000000000000000000000000000000000000000000000000000000000000000000000000000000000000000000000000000000000000001308202100000000    00000000000000000000000                              75600000000000000000000       
7560001300149T 1103010000000005296210002100639701016     100210063970101610082021000000000085000756030100                         091000011870420721MARIA CLARA SOARES MAGALHAES            00000000000000000000000000000000000                 
7560001300150U 110000000000000000000000000000000000000000000000000000000000000000000000000000000000000000000000000000000000000000000000001308202100000000    00000000000000000000000                              75600000000000000000000       
7560001300151T 1103010000000005296210002100641201016     100210064120101610082021000000000066500756030100                         091000076161455749MARIA LUIZA FREGONAZZI TAVARES          00000000000000000000000000000000000                 
7560001300152U 110000000000000000000000000000000000000000000000000000000000000000000000000000000000000000000000000000000000000000000000001308202100000000    00000000000000000000000                              75600000000000000000000       
7560001300153T 1103010000000005296210002100651601016     100210065160101610082021000000000038500756030100                         091000005495919661MIRIAM NUNES DE SOUZA AVELAR            00000000000000000000000000000000000                 
7560001300154U 110000000000000000000000000000000000000000000000000000000000000000000000000000000000000000000000000000000000000000000000001308202100000000    00000000000000000000000                              75600000000000000000000       
7560001300155T 1103010000000005296210002100656201016     100210065620101610082021000000000110000756030100                         092015792451000186PROVIDA SAUDE E ASSISTENCIA LTDA        00000000000000000000000000000000000                 
7560001300156U 110000000000000000000000000000000000000000000000000000000000000000000000000000000000000000000000000000000000000000000000001308202100000000    00000000000000000000000                              75600000000000000000000       
7560001300157T 1103010000000005296210002100658701016     100210065870101610082021000000000080000756030100                         091000013769352793RAYANE MAGNOL DA SILVA                  00000000000000000000000000000000000                 
7560001300158U 110000000000000000000000000000000000000000000000000000000000000000000000000000000000000000000000000000000000000000000000001308202100000000    00000000000000000000000                              75600000000000000000000       
75600015         00016000007900000000005808800000000000000000000000000000000000000000000000000000000000000000000000                                                                                                                             
75699999         000001000162000000                                                                                                                                                                                                             
