75600000         212610514000148                    03010 0000001085603 FERNANDA PORTUGAL DE OLIVEIRA BANCO COOPERATIVO DO BRASIL S/          10710201510025400000108100000                                                                     
75600011R01  040 2012610514000148                    03010 0000001085603 FERNANDA PORTUGAL DE OLIVEIRA Teste                                   Teste 2                                 000000010710201500000000                                 
7560001300001P 0103010 0000001085603 001500415001016     10 22TESTE CNAB240  0710201500000000000010000000 05A06102015208102015000000000000033000000000000000000000000000000000000000000000000000000Identificação do título  0000000090000000000 
7560001300002Q 011000011066149763Joãozinho                               Av. Rio Branco, 1000                    Praia do Canto 29055643Vitória        ES1000011066149763Nome do Sacador                         00000000000000000000000        
7560001300003R 01000000000000000000000000000000000000000000000000200000000000000000000200          Mensagem 3                              Mensagem 4                                                  0000000000000000 000000000000  0         
75600015         00000100000000000000000000001000000000000000000000000000000000000000000000000000000000000000000000                                                                                                                             
75699999         000001000000000001                                                                                                                                                                                                             75600000         212610514000148                    03010 0000001085603 FERNANDA PORTUGAL DE OLIVEIRA BANCO COOPERATIVO DO BRASIL S/          10710201510025400000108100000                                                                     
75600011R01  040 2012610514000148                    03010 0000001085603 FERNANDA PORTUGAL DE OLIVEIRA Teste                                   Teste 2                                 000000010710201500000000                                 
7560001300001P 0103010 0000001085603 001500415001016     10 22TESTE CNAB240  0710201500000000000010000000 05A06102015208102015000000000000033000000000000000000000000000000000000000000000000000000Identificação do título  0000000090000000000 
7560001300002Q 011000011066149763Joãozinho                               Av. Rio Branco, 1000                    Praia do Canto 29055643Vitória        ES1000011066149763Nome do Sacador                         00000000000000000000000        
7560001300003R 01000000000000000000000000000000000000000000000000200000000000000000000200          Mensagem 3                              Mensagem 4                                                  0000000000000000 000000000000  0         
75600015         00000100000000000000000000001000000000000000000000000000000000000000000000000000000000000000000000                                                                                                                             
75699999         000001000000000001                                                                                                                                                                                                             